1784 2902
877 127 903 168 9

152 246 240 305 bae,
269 252 382 298 quae
397 245 629 289 certamine
654 246 764 289 inter
786 248 1030 301 optumates
1053 248 1096 289 et
1118 244 1287 299 plebem
1302 243 1478 288 effectae
1493 247 1627 296 erant,

152 315 397 370 seduxisset,
425 315 606 361 Romam
632 328 827 372 reversus
858 317 1124 372 triumphum
1155 316 1254 372 egit.
1294 315 1459 360 Deinde
1486 316 1627 359 dome-

152 389 304 433 sticam
333 402 480 444 pacem
511 392 763 434 auctoritate
792 390 978 442 Quinctii
1005 390 1229 445 Capitolini
1264 390 1445 434 consulis
1467 390 1628 433 Romae

151 466 365 508 servatam
394 463 595 508 describit
622 462 766 508 Livius
793 463 907 509 hisce
932 463 1088 509 verbis:

283 532 527 590 ‘Aequavit‚
558 536 669 589 quod
700 536 815 580 haud
843 526 967 580 facile
984 539 1063 589 est,
1098 535 1323 587 Quinctius
1344 535 1489 579 consul
1511 538 1629 589 toga-

151 609 222 651 tus
251 608 405 651 armati
433 607 610 661 gloriam
639 607 839 662 collegae,
879 620 964 662 qua
990 606 1236 652 concordiae
1262 607 1460 662 pacisque
1488 608 1628 651 dome-

152 681 302 723 sticam
330 692 475 724 curam
502 679 597 722 iura
622 678 778 723 infimis
802 680 1060 732 summisque
1085 680 1342 722 moderando
1373 679 1433 723 ita
1476 677 1627 729 tenuit,

152 754 202 796 ut
232 764 329 796 eum
356 755 399 796 et
428 755 573 808 patres
604 764 796 797 severum
829 753 1046 797 consulem
1083 756 1127 796 et
1167 751 1288 807 plebs
1324 752 1429 795 satis
1466 762 1625 795 comem

152 820 437 869 crediderint.³

286 898 463 942 Duobus
491 897 602 942 vitiis
632 897 700 942 hic
730 898 846 942 locus
875 897 1137 942 deformatus
1166 901 1243 950 est,
1284 909 1464 952 quorum
1496 909 1628 939 unum

152 974 237 1017 iam
261 973 294 1017 I.
328 973 565 1017 Gronovius
595 973 709 1024 vidit,
744 985 895 1027 nempe
922 985 1000 1027 pro
1024 965 1330 1018 ‘domesticam'
1360 971 1626 1016 scribendum
1660 961 1664 965 ’

152 1058 243 1090 esse
268 1039 564 1089 ‘domesticae'.
622 1046 672 1089 Id
703 1046 968 1101 corruptelae
995 1058 1143 1102 genus,
1176 1058 1259 1101 quo
1287 1058 1411 1089 voces
1440 1045 1493 1088 ad
1529 1045 1627 1088 vici-

152 1132 304 1163 norum
334 1119 635 1162 vocabulorum
656 1118 815 1162 formas
840 1119 1288 1172 adcommodabantur‚
1318 1119 1473 1161 mirum
1496 1131 1626 1172 quan-

84 1240 88 1243 *
151 1193 245 1235 tum
287 1203 383 1235 cum
429 1204 505 1246 per
559 1191 747 1236 omnium
789 1191 1043 1247 scriptorum
1094 1192 1327 1236 latinorum
1345 1225 1355 1245 ‚
1406 1194 1497 1234 tum
1552 1203 1628 1247 per

151 1266 258 1308 Livii
291 1265 559 1320 potissimum
589 1266 754 1309 codices
781 1269 938 1319 serpat.
975 1265 1027 1308 cf.
1052 1265 1257 1318 Madvigii
1272 1265 1448 1308 Emend.
1466 1264 1627 1308 Livian.

151 1338 346 1383 Hauniae
382 1337 645 1382 MDCCCLX
690 1350 760 1392 pg.
804 1341 868 1381 10.
910 1350 1001 1392 sqq.
1044 1342 1088 1382 et
1131 1338 1313 1392 saepius.
1391 1337 1474 1382 Sed
1522 1338 1630 1381 latet

155 1410 283 1452 etiam
326 1411 441 1453 aliud
485 1410 636 1453 vulnus
677 1423 753 1454 nec
793 1414 936 1453 tamen
978 1411 1086 1455 illud
1130 1412 1270 1454 adhuc
1316 1424 1342 1452 a
1385 1410 1485 1453 viris
1530 1411 1627 1453 doc-

152 1483 208 1527 tis
250 1485 535 1537 perspectum.
624 1482 732 1525 Nam
785 1484 1007 1536 quaerenti
1055 1496 1132 1539 per
1175 1487 1319 1527 vastos
1373 1484 1626 1537 scriptorum

152 1556 383 1598 latinorum
428 1555 532 1599 fines
577 1556 820 1609 exemplum
866 1557 1091 1600 locutionis
1132 1553 1296 1600 ‘curam
1341 1556 1522 1600 alicuius
1567 1557 1629 1597 rei

152 1623 311 1672 tenere'
350 1640 445 1673 ecce
485 1640 695 1683 nusquam
738 1630 932 1673 occurrit.
1000 1630 1149 1683 Neque
1183 1629 1295 1672 enim
1328 1631 1444 1685 puto,
1484 1641 1629 1684 quem-

151 1713 280 1755 quam
310 1701 365 1744 ad
394 1702 503 1745 hanc
529 1701 646 1745 verbi
673 1695 873 1745 ‘tenendi'
903 1705 1165 1745 structuram
1195 1702 1504 1746 defendendam
1533 1714 1628 1745 cum

153 1774 491 1828 Freudenbergio
517 1775 562 1817 in
586 1774 746 1818 observ.
766 1775 926 1819 Livian.
944 1775 1115 1819 Bonnae
1140 1778 1260 1818 1862.
1291 1789 1331 1830 p.
1364 1779 1403 1818 2.
1433 1774 1631 1829 colligere

152 1844 213 1887 IX
241 1847 307 1888 46.
344 1848 407 1888 13.
437 1841 572 1889 ‘aliud
603 1847 768 1901 integer
797 1849 982 1901 populus
1011 1846 1155 1890 fautor
1184 1851 1227 1890 et
1253 1848 1393 1890 cultor
1412 1847 1629 1898 bonorum,

150 1918 266 1962 aliud
294 1918 474 1963 forensis
499 1920 624 1963 factio
663 1913 862 1964 tenebat'.
932 1920 994 1964 Ibi
1032 1921 1144 1965 enim
1176 1913 1364 1974 ‘tenere'‚
1404 1924 1454 1965 ut
1490 1932 1628 1975 saepe,

151 1991 361 2046 significat
386 1987 628 2047 ‘persequi’.
660 1994 812 2047 Itaque
839 1994 955 2038 haud
984 1995 1228 2039 recesserim
1257 1994 1451 2048 equidem
1483 2006 1509 2035 a
1537 2005 1630 2037 sen-

150 2065 285 2108 tentia
314 2077 421 2118 mea,
451 2078 537 2119 qua
568 2068 866 2122 neglegentem
895 2068 1107 2122 quendam
1132 2067 1353 2112 librarium
1383 2066 1631 2122 compendia

151 2138 387 2190 scripturae
413 2133 524 2180 ‘tuit'
551 2143 593 2180 et
619 2134 743 2183 ‘huit’
770 2141 884 2182 inter
913 2152 959 2183 se
987 2143 1269 2183 commutasse
1297 2153 1461 2183 censeo.
1520 2140 1629 2182 Scri-

151 2209 204 2253 bo
232 2209 390 2265 igitur:

282 2279 400 2336 ‘quia
428 2284 675 2327 concordiae
705 2285 905 2338 pacisque
935 2285 1192 2328 domesticae
1224 2298 1369 2328 curam
1408 2287 1503 2328 iura
1540 2284 1630 2328 infi-

151 2354 232 2398 mis
269 2356 531 2411 summisque
567 2356 822 2400 moderando
861 2357 924 2400 ita
952 2356 1096 2409 habult,
1128 2361 1176 2401 ut
1207 2370 1304 2402 eum
1336 2389 1513 2400 .....
1542 2368 1631 2401 cre·

151 2420 360 2472 diderint?

771 2537 841 2590 IV,
874 2539 941 2590 27,
969 2541 1007 2580 4.

280 2643 363 2690 ‘Ita
392 2650 599 2701 quattuor
627 2650 839 2692 exercitus
879 2648 1055 2693 totidem
1101 2649 1362 2691 munimenta
1405 2648 1630 2702 planitiem
