1784 2902
874 152 927 193 18

154 274 412 318 audiendum
445 270 545 329 ‘quo
580 275 721 329 Scipio
752 287 798 318 se
826 269 1046 318 verterat.²
1109 273 1214 318 Tale
1243 274 1407 328 aliquid
1434 277 1548 320 certe
1568 275 1635 320 Li-

154 347 249 392 vius
280 347 438 391 addere
472 347 632 401 debuit,
670 347 753 390 nisi
790 347 983 390 oratione
1018 346 1201 390 obscura
1239 348 1369 402 atque
1407 347 1637 404 ineleganti

153 421 216 464 uti
249 420 398 464 voluit.
450 420 574 464 Hanc
602 419 737 475 igitur
762 419 905 463 Fabrii
935 420 1253 463 enarrationem
1282 419 1383 463 dum
1412 421 1634 474 mittimus,

154 494 339 537 breviter
369 492 623 547 Heusingeri
652 491 891 547 explicatio,
925 503 1055 545 quam
1086 491 1392 548 Heerwagenio
1421 493 1466 537 in
1494 493 1634 538 altera

152 566 296 610 Fabrii
326 565 512 609 editione
540 565 665 609 valde
696 565 907 620 placuisse
924 564 1058 617 video,
1078 565 1197 609 nobis
1215 567 1283 609 est
1297 565 1634 621 perstringenda.
1667 558 1670 561 ’

149 639 193 683 Is
223 640 335 682 enim
365 638 433 682 vir
459 638 734 683 doctissimus
762 633 927 682 ‘eodem
957 639 1090 682 versa'
1121 650 1206 681 non
1241 638 1295 682 ad
1324 637 1508 683 Galliam
1538 651 1635 694 pro-

149 712 345 765 vinciam,
378 711 451 755 sed
482 712 537 755 ad
564 712 706 765 copias
737 712 780 753 in
799 711 874 763 eis,
896 723 1008 764 quae
1027 712 1217 766 proxime
1237 712 1505 765 antecedunt,
1534 724 1636 756 enu-

150 779 342 830 mera'tas
371 784 520 830 referri
553 785 668 829 vult:
698 780 823 829 ‘duas
851 784 1037 840 legiones
1067 784 1286 830 Romanas
1313 788 1357 829 et
1383 784 1528 830 decem
1557 785 1633 829 mi-

148 853 220 901 lia'
256 862 333 901 etc.
394 858 478 901 Sed
508 858 544 901 si
572 857 685 901 hanc
714 858 971 902 sententiam
999 858 1067 901 his
1097 858 1238 902 verbis
1273 858 1513 911 subicimus,
1556 870 1634 912 pro

146 924 301 975 ‘versa'
333 930 605 975 scribendum
633 941 729 974 esse
763 923 940 973 ‘versos'
977 930 1125 983 quovis
1162 932 1288 982 pacto
1323 928 1632 982 contenderim3

149 1000 249 1047 nam
280 1003 476 1057 exempla
512 1003 564 1046 ab
605 1002 897 1056 Heerwageno
937 1005 1268 1047 commemorata
1301 1015 1477 1057 prorsus
1513 1002 1633 1046 dissi—

150 1078 265 1121 milia
308 1081 421 1121 sunt.
490 1075 617 1130 Quid,
660 1076 773 1129 quod
808 1087 862 1119 ne
902 1074 1079 1119 verbum
1119 1076 1290 1128 quidem
1325 1068 1476 1119 ‘versa'
1516 1078 1634 1119 recta

149 1150 456 1206 significatione
502 1150 688 1204 positum
734 1150 830 1193 est?
876 1148 988 1193 Nam
1033 1150 1077 1192 in
1121 1148 1463 1203 Heusingeriana
1500 1149 1631 1205 expli·

150 1224 315 1268 catione
356 1222 504 1267 eadem
549 1234 632 1265 vox
670 1216 893 1266 ‘vertendi'
930 1222 1102 1265 notione
1145 1221 1339 1276 fungitur
1381 1225 1513 1275 atque
1556 1234 1633 1266 nos

147 1297 380 1340 vernacula
416 1296 567 1350 lingua
610 1296 678 1340 usi
721 1295 924 1339 dicimus:
976 1288 1266 1338 ‘verwenden'.
1351 1294 1483 1348 Atqui
1528 1295 1633 1339 haec

148 1370 264 1413 notio
295 1370 403 1422 vide,
445 1381 573 1422 quam
605 1380 781 1423 prorsus
817 1381 843 1411 a
877 1368 999 1410 latini
1029 1367 1147 1411 verbi
1174 1361 1397 1410 ‘vertendi'
1425 1368 1631 1421 significa·

148 1444 264 1487 tione
305 1442 548 1487 abhorreat.
606 1441 712 1485 Mihi
752 1441 922 1496 quidem
967 1441 1152 1485 multum
1199 1453 1249 1485 ac
1292 1441 1367 1485 diu
1410 1441 1632 1495 quaerenti

147 1529 232 1560 non
274 1516 453 1569 contigit
492 1516 559 1559 vel
601 1528 734 1558 unum
773 1515 1017 1569 exemplum
1059 1516 1149 1559 eius
1189 1516 1413 1559 locutionis
1444 1517 1487 1559 in
1515 1517 1631 1560 omni

144 1590 361 1633 latinitate
388 1588 585 1642 reperire.
658 1588 751 1631 Hac
781 1588 930 1632 eadem
961 1591 1106 1632 autem
1146 1601 1279 1633 causa
1317 1593 1486 1633 ceterae
1524 1602 1629 1643 quo-

145 1672 228 1714 que
258 1661 537 1712 coniecturae,
570 1672 754 1713 quarum
773 1662 942 1715 largum
962 1662 1144 1706 indicem
1163 1662 1257 1705 vide
1276 1663 1391 1717 apud
1408 1663 1630 1706 Hertzium

146 1733 208 1788 (in
240 1733 337 1778 adn.
369 1733 499 1778 critic.
531 1734 586 1777 ad
618 1733 658 1776 h.
690 1734 738 1787 1.)
767 1733 1008 1778 reiciendae
1036 1737 1149 1778 sunt.
1208 1733 1319 1786 Quid
1348 1734 1484 1790 ergo?
1514 1734 1627 1779 Num

145 1807 188 1850 id
218 1806 333 1861 quod
361 1807 528 1850 animus
561 1805 743 1850 forsitan
775 1818 934 1860 pronus
976 1807 1034 1849 sit
1074 1807 1263 1851 conicere
1300 1808 1431 1852 verba
1467 1804 1630 1851 ‘eodem

142 1872 280 1923 versa’
312 1882 537 1933 tamquam
565 1879 751 1923 omnium
783 1880 826 1922 in
855 1878 936 1923 hoc
963 1880 1182 1923 enuntiato
1225 1880 1451 1924 turbarum
1488 1880 1631 1925 sedem

141 1952 264 1996 obelo
295 1953 483 1997 notanda
514 1953 809 1996 censebimus?
868 1954 927 1996 At
955 1964 1105 1996 vereor
1133 1965 1187 1995 ne
1216 1952 1297 1996 hac
1329 1952 1498 1997 ratione
1523 1953 1632 1997 inita

139 2024 348 2069 historiae
390 2026 455 2069 vis
495 2024 720 2069 inferatur.
788 2024 885 2067 Non
924 2025 1036 2069 enim
1072 2025 1128 2068 ad
1163 2024 1207 2068 id
1239 2026 1385 2079 copiae
1412 2025 1632 2070 Romanae

140 2098 183 2140 in
212 2097 396 2142 Galliam
439 2101 564 2142 erant
599 2099 769 2151 missae,
812 2100 861 2141 ut
890 2097 945 2142 ad
978 2097 1184 2142 Punicum
1213 2098 1373 2143 bellum
1401 2097 1630 2154 profligan-

137 2171 242 2215 dum
273 2171 603 2225 adhiberentur,
644 2171 722 2214 hoc
750 2172 969 2225 negotium
1000 2174 1152 2226 postea
1189 2172 1362 2216 demum
1400 2172 1460 2215 eis
1497 2172 1630 2226 impo-

142 2245 274 2287 situm
311 2247 389 2288 est.
459 2244 742 2288 Glossematis
782 2256 884 2298 ergo
923 2245 1101 2299 suspitio
1131 2258 1259 2299 quam
1291 2244 1536 2298 longissime
1558 2256 1630 2287 re-

143 2315 351 2360 movenda
400 2320 479 2360 est,
558 2317 650 2359 Iam
695 2329 795 2361 vero
838 2330 935 2361 cum
980 2321 1227 2371 quaeratur,
1278 2315 1492 2369 quomodo
1540 2315 1630 2358 loco

139 2389 490 2443 desparatissimo
522 2389 735 2433 subveniri
765 2393 910 2444 queat,
943 2391 1174 2444 praecipue
1201 2388 1433 2433 tenendum
1470 2392 1549 2443 est,
1585 2390 1630 2433 in

139 2461 346 2504 eiusmodi
379 2461 482 2505 locis
510 2462 641 2515 paulo
676 2462 903 2506 audaciore
934 2462 1121 2507 remedio
1153 2465 1298 2507 nostro
1332 2474 1409 2506 nos
1439 2462 1532 2505 iure
1551 2461 1629 2505 uti.

138 2534 293 2588 Itaque
324 2546 408 2577 non
435 2528 615 2578 ‘eodem'
644 2535 783 2589 modo,
813 2548 960 2579 verum
988 2528 1143 2579 ‘versa'
1183 2535 1311 2579 etiam
1343 2547 1474 2579 manu
1513 2534 1627 2578 salu-

139 2607 267 2651 tifera
298 2620 424 2661 egere
455 2621 617 2653 censeo.
677 2609 788 2653 Puto
820 2612 967 2653 autem
1000 2608 1165 2653 Livium
1196 2609 1438 2664 scripsisse:

228 2719 238 2724 ,
271 2676 396 2724 ‘duas
426 2681 615 2734 legiones
642 2681 859 2725 Romanas
901 2685 945 2725 et
976 2682 1122 2726 decem
1164 2682 1283 2726 milia
1316 2682 1527 2726 sociorum
1555 2693 1627 2735 pe-
