1784 2902
845 161 897 201 16

737 314 849 369 xx1,
886 319 924 371 3,
959 321 995 361 1.

258 421 418 476 Optimi
446 424 610 469 codices
639 426 863 471 exhibent:

254 491 320 537 ‘In
349 496 632 541 Hasdrubalis
663 499 803 543 locum
834 501 947 544 haud
977 503 1109 547 dubia
1138 516 1207 548 res
1232 504 1327 559 fuit,
1356 508 1458 561 quin
1479 521 1602 562 prae-

121 567 318 623 rogativa
351 568 563 623 militaris,
589 569 727 625 'quam
759 575 975 630 extemplo
1002 576 1166 621 iuvenis
1184 577 1400 623 Hannibal
1420 580 1463 623 in
1480 593 1603 635 prae-

121 641 278 684 torium
309 642 480 687 delatus
512 643 833 699 imperatorque
867 648 1029 702 ingenti
1054 639 1250 695 omnium⁴
1267 652 1451 697 clamore
1474 657 1604 710 atque

127 725 306 758 assensu
339 716 586 770 appellatus
615 721 721 771 erat,
752 717 873 763 favor
900 721 1036 775 plebis
1065 719 1351 779 sequebatur.’

255 786 482 831 Librorum
512 789 769 844 scripturam
800 797 950 847 aperte
981 800 1228 850 corruptam
1258 798 1496 843 restituisse
1525 799 1601 843 sibi

121 863 222 904 sunt
249 860 328 904 visi
356 861 491 904 critici
520 862 760 908 scribendo:
797 861 864 909 ‘In
893 867 1177 913 Hasdrubalis
1212 871 1353 915 locum
1381 871 1496 916 haud
1524 873 1601 916 du-

120 932 192 976 bia
220 945 290 977 res
322 931 416 987 fuit,
461 935 563 988 quin
601 939 947 992 praerogativam
987 942 1225 996 militarem,
1267 956 1352 997 qua
1385 946 1601 998 extemplo

120 1005 282 1048 iuvenis
302 1005 521 1049 Hannibal
536 1031 590 1037 -
608 1009 851 1063 appellatus
873 1014 978 1065 erat,
1011 1011 1132 1057 favor
1158 1014 1294 1069 plebis
1322 1010 1601 1070 sequeretur.²

257 1077 316 1121 At
331 1091 384 1122 ne
410 1080 472 1122 ita
488 1080 657 1133 quidem
679 1082 797 1127 locus
815 1083 919 1127 mihi
938 1089 1115 1129 sanatus
1133 1087 1320 1141 videtur;
1350 1101 1449 1132 nam
1467 1090 1599 1132 anim-

116 1149 290 1194 adverte
329 1164 508 1206 quaes0‚
548 1166 700 1198 novam
738 1156 860 1199 illam
897 1161 1028 1211 atque
1065 1159 1304 1204 inauditam
1343 1165 1387 1205 et
1424 1174 1599 1216 prorsus

115 1215 440 1277 α’νακολούθως
483 1228 783 1282 procedentem
827 1231 1054 1275 verborum
1101 1236 1375 1278 structuram.
1450 1234 1599 1289 Neque

114 1297 324 1351 iuvamur,
353 1299 388 1341 si
415 1311 512 1342 cum
542 1300 886 1347 Weissenbornio
919 1307 1021 1348 ante
1047 1301 1363 1361 ‘praerogativa
1390 1307 1598 1351 militaris'

114 1369 311 1414 lacunam
354 1383 446 1415 esse
485 1375 726 1418 statuentes
766 1376 1011 1420 scribimus:
1045 1374 1112 1421 ‘In
1141 1379 1426 1424 Hasdrubalis
1458 1381 1596 1425 locum

113 1441 229 1486 haud
258 1443 388 1487 dubia
419 1457 486 1488 res
505 1443 601 1499 fuit,
626 1447 728 1500 quin
750 1452 993 1501 praetorem
1016 1455 1182 1495 crearet
1200 1455 1499 1507 praerogativa
1517 1454 1594 1497 mi-

112 1510 278 1561 litatis.²
352 1517 444 1562 Hoc
473 1519 584 1563 enim
624 1522 844 1576 supposito
884 1523 969 1566 iam
1009 1524 1052 1566 in
1090 1524 1165 1578 eis,
1207 1536 1319 1578 quae
1357 1528 1594 1580 sequuntur

113 1590 256 1632 omnia
287 1602 438 1634 manca
466 1595 599 1646 atque
630 1593 816 1649 abrupta
842 1599 955 1639 sunt.
1004 1596 1127 1640 Hanc
1147 1597 1475 1641 Weissenbornii
1501 1610 1595 1642 sen-

113 1662 296 1706 tentiam
316 1664 353 1707 si
376 1665 687 1720 amplexamur,
718 1670 833 1711 certe
853 1670 1028 1712 auctore
1046 1669 1274 1714 Weidnero
1295 1670 1357 1726 (in
1376 1682 1593 1726 program.

118 1735 354 1780 Coloniens.
387 1750 485 1782 ann.
517 1742 627 1782 1864
659 1736 919 1784 ‘criticarum
961 1743 1241 1797 scriptionum
1280 1737 1404 1798 spec.²
1432 1757 1474 1799 p.
1507 1745 1594 1795 22.)

113 1809 350 1854 scribamus
379 1813 572 1866 oportet:
610 1807 771 1865 ‘quam,
802 1814 904 1868 quia
936 1803 1151 1870 extemplo
1181 1816 1264 1859 iuv.
1293 1816 1508 1860 Hannibal
1537 1839 1592 1848 -

109 1882 355 1937 appellatus
385 1887 493 1937 erat,
524 1883 646 1927 favor
673 1885 810 1940 plebis
838 1881 1124 1940 sequebatur.³
1164 1887 1225 1931 At
1251 1900 1330 1943 ego
1358 1889 1443 1933 alio
1468 1888 1593 1932 modo

107 1955 199 1999 loco
229 1956 484 2001 medendum
517 1969 609 2002 esse
638 1969 802 2002 censeo.
846 1959 958 2003 Nam
986 1960 1162 2004 turbata
1191 1960 1264 2004 illa
1288 1960 1482 2004 codicum
1509 1961 1592 2004 lec-

107 2028 222 2071 tione
249 2030 422 2082 egregie
452 2029 730 2073 confirmatur
760 2033 974 2075 sententia
1005 2044 1112 2084 mea,
1146 2044 1233 2085 qua
1248 2033 1416 2087 singula
1434 2033 1591 2076 oratio-

107 2100 172 2144 nis
198 2101 390 2145 membra
419 2114 498 2146 sua
527 2101 622 2147 loca
650 2104 844 2148 mutasse
869 2106 987 2159 puto.
1058 2103 1228 2150 Conicio
1258 2105 1369 2149 enim
1400 2105 1461 2150 sic
1489 2105 1591 2150 olim

107 2174 312 2228 scriptum
337 2173 487 2218 fuisse:

239 2242 305 2290 ‘In
333 2246 617 2292 Hasdrubalis
652 2247 793 2293 locum
834 2248 1134 2304 praerogativa
1172 2249 1345 2295 militari
1379 2273 1437 2281 —
1477 2262 1591 2304 qn-

105 2320 204 2361 haud
235 2319 352 2362 dubia
391 2332 456 2362 res
482 2321 568 2372 fult,
608 2321 699 2374 quin
723 2322 835 2362 favor
869 2322 994 2375 plebis
1022 2330 1250 2376 sequeretur
1287 2347 1341 2353 —
1377 2324 1591 2378 extemplo

107 2394 190 2437 iuv.
222 2393 439 2437 Hannibal
465 2393 508 2437 in
539 2406 581 2448 p.
612 2392 780 2439 delatus
810 2418 867 2425 —
894 2395 1138 2450 appellatus
1164 2388 1286 2439 erat.²

240 2467 350 2510 Huic
380 2467 665 2511 emendationi
704 2468 766 2511 ita
794 2467 980 2513 fortasse
1020 2469 1159 2512 fulcra
1186 2470 1398 2522 quaedam
1433 2482 1589 2525 parare

103 2551 342 2595 possumus,
382 2542 432 2583 ut
462 2540 730 2584 enuntiatum
761 2541 869 2584 illud
909 2541 1157 2595 parenthesi
1185 2542 1396 2586 inclusum
1425 2538 1588 2597 (quam

102 2613 220 2658 haud
248 2613 379 2657 dubia
409 2625 477 2658 res
506 2612 601 2667 fuit,
632 2614 736 2667 quin
746 2614 886 2658 ‘favor
914 2614 1051 2670 plebis
1079 2610 1362 2671 sequeretur')
1383 2619 1532 2671 utpote
1561 2630 1588 2660 a

102 2688 256 2732 codicis
288 2687 509 2742 archetypi
539 2688 713 2732 librario
743 2689 960 2743 omissum,
994 2688 1192 2746 deinceps
1221 2691 1266 2734 in
1299 2690 1494 2746 margine
1512 2690 1588 2734 ad-
