1784 2902
878 160 931 203 14

157 297 242 328 non
273 284 432 329 habere
461 284 703 338 contendat,
749 285 948 339 equidem
977 288 1121 329 mente
1153 298 1237 331 non
1266 299 1485 343 assequor.
1549 286 1639 333 Sci-

158 357 257 400 licet
285 358 472 410 Etrusci,
514 358 588 401 ubi
617 359 844 402 nonnullos
872 371 1048 402 suorum
1078 364 1202 414 terga
1230 361 1398 405 dedisse
1425 361 1638 413 viderunt,

158 430 245 473 iam
281 430 421 473 tutius
458 430 701 486 certiusque
737 430 980 486 habebant,
1018 431 1062 474 in
1100 431 1205 487 fuga
1239 433 1425 478 salutem
1459 445 1639 489 ponere,

158 514 289 556 quam
318 501 548 546 mortiferis
574 504 712 558 plagis
739 505 956 557 expositos
983 505 1200 549 dimicare.

294 575 434 628 Quam
456 575 583 621 facile
603 576 784 632 denique
797 569 958 621 ‘ceteri'
983 578 1238 622 vocabulum
1265 582 1367 623 ante
1389 574 1642 623 ‘certiorem’

159 648 212 690 ob
249 648 569 692 similitudinem
598 650 845 693 litterarum
882 649 1025 694 oculos
1055 650 1219 695 librarii
1258 650 1408 706 fugere
1435 652 1638 705 potuerit,

159 721 297 775 quivis
328 722 455 766 videt.

778 903 834 957 X,
865 905 930 954 14,
966 906 1030 947 13.

177 1071 181 1073 .
294 1014 439 1057 Livius
478 1014 551 1058 ubi
582 1015 631 1067 Q.
661 1015 839 1058 Fabium
876 1015 1110 1058 Maximum
1151 1015 1195 1058 in
1223 1015 1384 1070 proelio
1422 1014 1476 1057 ad
1505 1012 1640 1057 Tifer-

161 1098 264 1128 num
282 1087 339 1128 M.
358 1087 555 1129 Fulvium
588 1091 632 1130 et
650 1088 708 1129 M.
728 1087 947 1129 Valerium
977 1088 1171 1130 tribunos
1193 1089 1374 1130 militum
1399 1099 1495 1129 cum
1523 1087 1640 1140 equi-

161 1158 277 1203 tibus
307 1162 456 1203 contra
486 1159 701 1204 Samnites
734 1160 901 1204 misisse
929 1160 1133 1213 narravit⁷
1165 1160 1228 1205 ita
1258 1160 1397 1215 pergit
1409 1165 1424 1202 :⁴

294 1228 501 1275 ‘ceterum
530 1234 702 1286 quando
733 1245 787 1275 ne
817 1245 868 1275 ea
894 1245 1063 1287 quoque
1090 1237 1302 1286 temptata
1322 1234 1384 1275 vis
1404 1233 1642 1286 proficeret,

161 1305 333 1349 consilio
363 1306 657 1359 grassandum,
690 1306 725 1349 si
753 1305 857 1349 nihil
883 1307 994 1350 vires
1017 1306 1232 1358 iuvarent,
1263 1308 1385 1349 ratus
1406 1304 1643 1359 Scipionem

164 1378 353 1431 legatum
385 1378 582 1421 hastatos
603 1379 766 1430 primae
784 1379 962 1430 legionis
978 1379 1233 1421 subtrahere
1249 1390 1300 1420 ex
1317 1378 1405 1421 acie
1423 1402 1477 1407 —-
1494 1371 1642 1420 iubet?

297 1450 439 1494 Verba
466 1446 653 1503 ‘quando
693 1463 746 1493 ne
776 1462 828 1494 ea
856 1462 1025 1506 quoque
1065 1453 1277 1505 temptata
1307 1450 1372 1494 vis
1407 1442 1643 1504 proficeret'

162 1524 409 1566 iamdudum
440 1524 582 1566 varias
618 1524 670 1566 ob
710 1535 862 1566 causas
891 1524 1079 1566 virorum
1108 1524 1330 1566 doctorum
1362 1524 1642 1576 suspitionem

167 1600 402 1640 moverunt.
472 1596 583 1640 Nam
613 1600 657 1640 et
696 1588 933 1640 coniunctio
960 1590 1161 1649 ‘quando’
1192 1595 1398 1639 inusitata
1431 1594 1641 1650 significa-

165 1670 281 1712 tione
311 1670 380 1723 (=
415 1670 449 1712 si
480 1669 609 1724 forte)
639 1670 782 1723 posita
810 1672 877 1712 est
918 1669 987 1723 (cf.
1019 1670 1332 1712 Weissenborn.
1364 1668 1418 1711 ad
1447 1669 1488 1711 h.
1519 1668 1566 1720 l.)
1601 1671 1644 1710 et

157 1736 433 1798 ‘ne-quoque'
461 1755 539 1797 pro
566 1755 617 1787 eo
648 1744 761 1798 quod
792 1742 889 1786 boni
915 1743 1146 1798 scriptores
1175 1754 1342 1797 semper
1370 1740 1530 1786 habent
1555 1736 1643 1785 ‘ne-
1682 1741 1685 1743 ’

160 1810 349 1871 quidem'
384 1816 465 1858 nisi
503 1817 620 1869 apud
659 1817 820 1869 priscos
850 1817 1026 1859 Latinos
1061 1829 1145 1859 non
1185 1817 1411 1867 invenitur,
1450 1814 1503 1857 cf,
1532 1814 1641 1857 Gell.

160 1888 294 1942 XVH,
314 1891 351 1939 2,
375 1891 439 1930 18.
470 1888 620 1941 Neque
636 1888 724 1931 veri
745 1888 1063 1932 similitudinem
1083 1888 1226 1941 habet,
1259 1887 1426 1931 Livium
1455 1889 1642 1930 veterem

159 1960 373 2015 quendam
403 1960 656 2013 scriptorem
688 1964 908 2015 tamquam
929 1960 1093 2003 fontem
1116 1963 1311 2003 secutum
1335 1960 1558 2011 antiquum
1583 1959 1643 2000 lo-

159 2033 315 2087 quendi
347 2045 484 2088 genus
502 2045 626 2076 suum
647 2031 811 2077 fecisse.
859 2031 982 2084 Quid,
1008 2032 1121 2087 quod
1141 2044 1224 2075 vox
1239 2024 1507 2085 ‘temptatae'
1524 2041 1642 2084 egre-

160 2107 228 2159 gie
270 2107 493 2149 abundat?
532 2107 646 2160 quod
675 2105 805 2149 verba
834 2103 1018 2158 ‘quando
1055 2119 1109 2149 ne
1144 2117 1195 2149 ea
1226 2117 1393 2159 quoque
1430 2107 1643 2158 temptata

159 2179 221 2221 vis
250 2172 489 2233 proficeret'
520 2178 697 2222 eandem
731 2177 989 2221 sententiam
1018 2178 1248 2230 continent,
1279 2189 1409 2230 quam
1436 2176 1567 2220 verba
1592 2172 1643 2218 ‘si

160 2252 269 2294 nihil
298 2251 410 2294 vires
436 2245 678 2295 iuvarent'?
729 2251 839 2302 Quid
869 2252 1000 2305 ergo?
1052 2250 1166 2293 Num
1195 2251 1239 2293 in
1268 2250 1470 2304 Madvigii
1497 2252 1643 2304 partes

159 2324 453 2377 transibimus,
497 2324 569 2377 qui
601 2324 781 2378 singulis
811 2324 950 2367 verbis
986 2323 1094 2367 nihil
1128 2324 1211 2377 agi,
1257 2324 1537 2377 (quamquam
1566 2321 1646 2365 hoc

158 2397 395 2440 rectissime
425 2397 580 2440 statuit
599 2397 663 2440 vir
692 2400 904 2450 summus)
928 2396 1004 2441 sed
1033 2396 1247 2450 quaedam
1278 2395 1482 2440 excidisse
1511 2399 1555 2440 et
1585 2396 1647 2440 sic

158 2469 249 2514 fere
280 2470 419 2513 locum
455 2470 708 2514 lacunosum
740 2470 1025 2525 supplendum
1057 2482 1149 2514 esse
1181 2470 1404 2513 censebat:
1438 2465 1645 2514 ‘ceterum
1729 2481 1735 2485 ·

158 2542 341 2596 quando,
384 2555 438 2586 ne
466 2555 519 2586 ea
551 2554 721 2598 quoque
751 2546 966 2597 temptata
992 2543 1055 2587 vis
1084 2542 1272 2599 [parum]
1299 2542 1537 2598 proficeret,
1572 2541 1644 2598 [ti-

159 2617 266 2659 meri
298 2615 502 2671 poterat],
534 2611 725 2661 consilio’
754 2620 834 2660 etc.
849 2618 870 2660 1>
937 2617 1031 2660 Non
1061 2629 1210 2662 vereor
1239 2618 1432 2673 equidem
1463 2630 1517 2662 ne
1547 2617 1644 2671 quis

159 2692 248 2731 tam
280 2688 447 2732 lubrico
476 2701 525 2733 ac
557 2690 797 2745 periculoso
833 2690 1084 2733 emendandi
1115 2691 1259 2745 generi
1294 2714 1344 2722 -
1376 2702 1475 2733 nam
1508 2700 1646 2743 neque
