1784 2902
852 156 905 196 22

134 288 279 320 vocem
312 275 534 332 aptissime
564 289 659 320 cum
686 273 890 322 ‘insidiae‘
918 279 1130 334 coniungi,
1163 292 1259 324 cum
1285 280 1341 325 ad
1372 295 1446 328 eas
1469 283 1616 339 digno-

135 349 313 392 scendas
352 350 419 393 vel
457 350 642 394 maxime
680 353 848 394 attenta
889 352 1264 406 circumspectione
1301 355 1356 398 sit
1385 340 1504 410 opus,
1533 369 1617 400 non

134 426 213 477 est,
245 424 358 478 quod
388 425 582 479 pluribus
614 437 820 470 moneam.

710 625 840 679 XXV,
876 628 942 677 36,
982 628 1046 668 15.

265 732 442 780 ‘Luctus
472 749 526 779 ex
558 739 696 780 morte
725 731 887 781 eorum’
910 738 1191 796 (Scipionum)
1211 736 1312 785 ‘non
1338 741 1500 797 Romae
1530 754 1616 784 ma-

133 811 198 851 ior
226 821 356 861 quam
376 821 453 861 per
474 812 609 851 totam
626 809 876 864 Hispaniam
896 811 999 865 fuit;
1031 813 1132 865 quin
1164 813 1279 866 apud
1310 813 1421 856 cives
1451 816 1617 868 partem

134 880 290 923 doloris
330 883 374 923 et
409 880 620 923 exercitus
653 881 798 924 amissi
834 884 879 925 et
910 883 1098 928 alienata
1125 883 1341 939 provincia
1378 886 1423 927 et
1448 884 1617 937 publica

134 953 335 997 trahebat
372 953 533 997 clades:
576 953 811 1009 Hispaniae
844 955 956 1010 ipsos
986 957 1194 1011 lugebant
1235 957 1617 1012 desiderabantque

134 1020 290 1070 duces.’

269 1101 476 1143 Voculam
506 1098 636 1153 ‘quin‘
667 1101 903 1144 rectissime
933 1114 959 1143 a
988 1102 1042 1143 H.
1076 1103 1125 1142 A.
1157 1102 1319 1145 Kochio
1350 1102 1410 1153 (in
1436 1101 1615 1145 Emend.

132 1173 407 1216 Livianarum
426 1176 537 1229 part.
558 1173 591 1217 Ι.
611 1186 653 1228 p.
677 1177 744 1225 10)
776 1174 818 1215 in
850 1174 1126 1228 suspitionem
1157 1178 1349 1218 vocatam
1379 1186 1469 1217 esse
1496 1177 1615 1229 putO.

134 1247 240 1292 Eius
271 1250 401 1293 verba
432 1248 538 1291 haec
567 1252 690 1291 sunt:
728 1244 863 1299 ‘Quae
888 1261 998 1291 nunc
1025 1248 1156 1291 verba
1186 1248 1395 1301 feruntur,
1437 1249 1618 1303 scriptor

133 1321 247 1373 dicit,
293 1333 377 1363 non
418 1332 628 1373 aequasse
666 1323 835 1364 tantum
866 1320 1080 1374 Hispanos
1121 1322 1243 1364 luctu
1272 1323 1325 1365 de
1354 1321 1617 1377 Scipionibus

135 1394 315 1437 mortuis
344 1393 559 1436 Romanos
589 1394 664 1437 sed
692 1405 918 1447 superasse
948 1394 1090 1447 etiam,
1123 1394 1236 1447 quod
1267 1395 1405 1438 dicere
1425 1394 1616 1438 Romano

132 1466 306 1511 homine
342 1465 563 1520 indignum
594 1468 671 1508 est.
738 1465 875 1509 Immo
908 1466 1061 1509 mirum
1092 1466 1224 1510 videri
1254 1467 1437 1511 debebat
1465 1467 1618 1512 Roma-

133 1551 210 1582 nos
252 1552 350 1583 suos
391 1539 674 1594 imperatores
715 1551 799 1582 non
843 1540 979 1592 magis
1021 1540 1192 1592 luxisse,
1232 1552 1361 1593 quam
1400 1540 1617 1593 barbaros,

132 1612 253 1657 cuius
283 1613 344 1655 rei
376 1612 480 1656 satis
510 1610 739 1666 probabilis
774 1623 905 1655 causa
935 1611 1125 1665 affertur,
1166 1614 1278 1667 quod
1311 1611 1504 1668 publicae
1534 1614 1617 1657 cla-

134 1686 199 1728 dis
228 1687 351 1728 dolor
379 1687 596 1740 privatum
629 1686 862 1738 superavit.
898 1686 1051 1738 Itaque
1070 1683 1199 1740 ‘quin‘
1215 1687 1468 1728 mutandum
1491 1687 1619 1729 estin

130 1756 339 1814 ‘quippe'.‘
370 1759 533 1802 Vereor
548 1748 759 1813 equidem,
779 1771 832 1802 ne
849 1771 900 1802 ea
917 1760 1143 1813 sagacitas,
1164 1770 1249 1812 qua
1264 1759 1451 1802 Kochius
1469 1759 1617 1803 vitium

133 1832 309 1883 detexit,
340 1843 437 1872 eum
471 1832 513 1872 in
540 1832 635 1885 ipsa
664 1831 961 1872 emendatione
991 1830 1223 1882 reliquerit.
1269 1831 1380 1873 Nam
1413 1835 1503 1873 tam
1534 1832 1618 1873 leni

135 1905 397 1948 correctione
427 1916 575 1947 verum
606 1903 783 1947 inveniri
815 1903 968 1959 potuit,
1009 1909 1057 1947 ut
1092 1916 1228 1958 paene
1265 1903 1411 1948 mirari
1452 1904 1617 1957 subeat,

133 1990 229 2020 eam
263 1991 288 2020 a
317 1978 408 2020 viro
438 1977 774 2031 ingeniosissimo
805 1988 899 2020 esse
918 1976 1170 2031 neglectam.
1217 1976 1494 2020 Scribendum
1526 1980 1621 2019 erat

133 2062 221 2094 una
250 2053 419 2094 mutata
447 2049 656 2093 litterula:

264 2119 442 2168 ‘Luctus
471 2135 524 2166 ex
556 2126 694 2166 morte
722 2135 869 2166 eorum
898 2134 984 2166 non
1012 2123 1176 2166 Romae
1206 2123 1342 2166 maior
1377 2135 1505 2177 quam
1542 2134 1620 2177 per

132 2200 269 2240 totam
307 2187 560 2251 Hispaniam
596 2194 690 2248 fuit,
733 2195 822 2249 qula
853 2195 969 2249 apud
997 2196 1109 2239 cives
1138 2219 1193 2225 --
1224 2195 1424 2238 trahebat
1452 2193 1619 2238 clades?

713 2365 867 2419 XXXI,
899 2368 967 2420 21,
998 2368 1037 2410 4.

270 2480 316 2523 L.
342 2480 500 2523 Furius
528 2477 677 2524 Gallos
707 2479 943 2523 Cremonae
972 2477 1178 2523 obsidioni
1208 2477 1392 2522 intentos
1420 2489 1505 2521 non
1532 2479 1619 2522 sta-

134 2555 209 2598 tim
241 2553 495 2608 adgreditur
524 2555 623 2607 post
647 2553 901 2596 adventum:

264 2624 541 2671 ‘Lassitudini
600 2626 785 2671 militum
837 2626 1003 2679 timuit,
1061 2624 1176 2678 quod
1227 2625 1384 2688 raptim
1442 2623 1618 2668 ductum

133 2712 287 2754 agmen
314 2695 437 2743 erat.'
