1784 2902
834 173 885 214 12

67 332 72 336 .
113 297 295 342 hiemem
331 296 607 341 custodienda
637 296 793 351 potius,
835 307 964 350 quam
995 297 1165 339 aestate
1193 294 1349 338 iterum
1379 303 1599 348 oppugna-

112 371 271 414 tionem
301 369 609 414 instituendam
636 380 731 412 esse
760 368 895 419 docet,
928 368 1035 412 haec
1066 366 1292 422 leguntur:

243 439 421 498 ‘quanto
454 446 519 486 est
548 442 686 486 minus
716 453 850 496 opera
876 440 988 485 tueri
1014 439 1130 485 facta
1158 442 1203 484 et
1230 438 1395 484 instare
1422 450 1474 483 ac
1500 449 1598 493 per-

112 529 310 560 severare
341 516 600 569 defungique
627 527 732 558 cura
740 508 776 557 ‘?'

251 588 442 634 Offendit
470 600 539 631 me
571 588 687 632 haud
718 585 991 631 mediocriter
1021 597 1104 629 vox
1128 577 1309 639 ‘opera’,
1352 595 1481 637 quam
1511 582 1599 625 sive

114 675 192 719 pro
219 661 404 705 ablativo
437 660 599 715 primae
627 673 756 715 quam
777 661 930 703 vocant
949 657 1245 702 declinationis
1263 656 1454 711 accipias,
1483 654 1598 697 nude

114 750 166 781 ac
192 736 334 779 ieiune
365 738 431 778 est
460 735 621 790 posita;
663 735 751 778 sive
780 746 858 787 pro
893 732 1154 776 nominatIvo
1194 730 1376 785 pluralis
1404 726 1600 773 vocabuli

110 804 262 865 ‘opus'‚
301 821 451 853 vereor
479 821 533 852 ne
561 821 613 852 ea
640 807 783 861 verba,
823 819 934 861 quae
963 818 1059 850 cum
1089 805 1176 850 ictu
1206 804 1390 859 quodam
1419 804 1596 857 propter

115 883 424 939 oppositionem
453 882 711 925 rhetoricam
747 879 1064 935 pronuntianda
1098 882 1221 931 sunt,
1265 877 1424 921 scilicet
1449 868 1594 919 ‘facta'

116 959 161 998 et
177 952 332 1008 ‘tueri',
360 967 493 1009 prave
523 954 576 997 ab
607 953 887 997 collocatione
915 964 960 994 se
983 951 1183 994 habeant.
1214 949 1413 993 Rescribo
1442 948 1595 1002 igitur:

112 1025 299 1080 ‘Quanto
339 1028 480 1071 minus
512 1030 580 1070 est
609 1038 751 1080 operae
781 1025 891 1069 tueri
920 1024 1036 1068 faeta
1071 1027 1116 1067 et
1144 1023 1304 1067 instare
1333 1025 1376 1065 et
1405 1032 1597 1076 perseve-

116 1114 215 1145 rare
246 1101 506 1155 defungique
533 1112 637 1144 cura
648 1092 683 1142 ‘?'

750 1277 822 1329 IX,
859 1281 893 1330 1,
926 1280 964 1319 8.

251 1395 301 1438 In
331 1393 375 1436 C.
407 1392 547 1436 Pontii
579 1392 836 1436 Samnitium
867 1391 985 1434 ducis
1017 1390 1207 1434 oratione
1237 1388 1342 1431 haee
1373 1387 1522 1429 habes:

250 1464 314 1511 ‘at
344 1479 423 1522 ego
453 1467 508 1509 ad
541 1466 641 1509 deos
658 1466 845 1509 vindices
878 1464 1170 1508 intolerandae
1202 1461 1426 1516 superbiae
1454 1450 1602 1503 confuss

119 1542 247 1597 giam,
285 1545 328 1583 et
359 1539 579 1593 precabor,
621 1542 670 1581 ut
695 1538 784 1581 iras
814 1551 913 1581 suas
942 1540 1115 1579 vertant
1144 1536 1186 1577 in
1214 1547 1298 1586 eos,
1331 1531 1484 1586 quibus
1512 1544 1597 1573 non

119 1626 222 1657 suae
255 1612 446 1655 redditae
475 1623 555 1663 res,
586 1621 671 1653 non
698 1610 866 1653 alienae
897 1608 1191 1652 accumulatae
1224 1606 1329 1650 satis
1359 1605 1463 1658 sint3
1494 1615 1596 1656 quo-

119 1698 215 1729 rum
246 1686 471 1728 saevitiam
500 1695 584 1726 non
615 1695 729 1725 mors
759 1684 996 1734 noxiorum,
1032 1693 1116 1722 non
1146 1680 1304 1722 deditio
1334 1677 1599 1719 examinato-

119 1772 215 1803 rum
247 1770 485 1813 corporum,
529 1768 614 1801 non
642 1755 755 1799 bona
785 1754 1008 1809 sequentia
1045 1751 1202 1797 domini
1231 1750 1487 1795 deditionem
1527 1760 1597 1792 ex-

118 1834 291 1885 satient,
329 1831 491 1885 placari
522 1832 749 1883 nequeant,
788 1829 868 1872 nisi
897 1827 1178 1871 hauriendum
1209 1824 1462 1879 sanguinem
1492 1823 1598 1866 lani-

120 1907 319 1960 andaque
350 1906 513 1949 viscera
546 1906 693 1947 nostra
725 1898 1077 1956 praebuerimus?

255 1979 315 2021 Ut
352 1977 483 2020 verba
522 1977 705 2030 abrupte
743 1978 789 2018 et
825 1975 939 2017 nude
979 1973 1117 2026 posita
1150 1968 1328 2025 ‘placari
1368 1962 1596 2022 nequeant'

119 2051 423 2103 emacularent,
454 2049 595 2093 varias
614 2048 705 2093 vias
734 2048 923 2091 inierunt
952 2045 1098 2090 critici.
1145 2043 1287 2098 Atque
1307 2042 1340 2084 Ι,
1357 2041 1598 2085 Gronovius

120 2128 302 2182 quidem,
328 2130 378 2170 ut
397 2126 602 2170 orationis
622 2125 789 2169 hiatum
807 2124 990 2176 tolleret,
1015 2126 1112 2176 post
1128 2114 1373 2165 ‘exsatient'
1394 2121 1598 2174 majorem

120 2201 274 2246 statuit
303 2199 700 2253 interpunctionem,
737 2197 890 2241 deinde
922 2193 1102 2251 ‘placari
1132 2191 1363 2248 nequeunt’
1404 2191 1600 2245 scripsit3

120 2277 266 2329 itaque
293 2286 371 2329 per
397 2266 639 2316 ἀσύνδετον
665 2271 901 2316 orationem
929 2269 1229 2324 procedentem
1254 2265 1368 2311 fecit.
1411 2264 1602 2308 Draken-

119 2347 320 2392 borchius
351 2359 404 2390 ex
434 2345 695 2388 deteriorum
735 2344 899 2398 aliquot
926 2342 1131 2386 librorum
1161 2340 1377 2394 scriptura
1405 2334 1600 2392 ‘placari-

120 2433 204 2475 que
232 2415 465 2475 nequeunt'
493 2418 637 2461 elicuit
662 2413 840 2471 ‘placari
870 2416 945 2470 qui
974 2406 1216 2469 nequeunt'.
1264 2411 1347 2455 Sed
1376 2411 1481 2455 haec
1510 2414 1603 2454 ten-

120 2496 286 2538 tamina
316 2506 401 2537 non
434 2491 621 2535 vividam
653 2492 926 2544 alacremque
962 2488 1135 2542 qualem
1175 2489 1473 2540 exspectamus
1507 2495 1602 2527 ora-

120 2568 281 2612 tionem
309 2566 533 2610 Livianam
565 2563 768 2617 reddunt3
799 2564 929 2606 immo
949 2562 1089 2605 locum
1110 2560 1179 2603 vel
1200 2560 1279 2604 hoc
1298 2559 1365 2602 vel
1384 2557 1458 2601 illo
1477 2556 1602 2601 modo

122 2641 382 2686 restitutum·
401 2652 571 2694 semper
589 2637 749 2693 frigere
777 2640 821 2680 et
842 2637 1047 2690 languere
1071 2633 1361 2687 unusquisque
1380 2634 1483 2687 puto
1507 2643 1602 2675 con-

122 2714 257 2759 cedet.
302 2715 360 2756 At
390 2714 426 2756 si
454 2712 549 2765 quis
582 2713 829 2763 incorrupto
858 2709 1014 2752 iudicio
1048 2708 1151 2751 haec
1181 2706 1421 2761 perlegerit,
1456 2705 1492 2747 is
1520 2715 1604 2746 non
