1784 2902
853 164 879 205 6

124 291 292 344 spectat
318 289 436 332 notio
465 288 581 331 vocis
608 282 800 341 ‘cetera’3
830 286 1008 330 ‘additur
1031 290 1238 340 tanquam
1264 287 1423 340 species
1442 282 1610 341 ‘pecus’.
1677 317 1693 321 κ
1758 292 1765 295 ’

124 362 217 406 Hoc
243 363 279 406 si
308 365 426 406 recte
454 362 614 416 dictum
645 363 722 413 est,
757 385 809 391 —
840 360 951 403 idem
977 363 1122 404 autem
1147 361 1200 404 de
1221 359 1413 403 omnibus
1432 361 1494 405 eis
1510 361 1613 405 locis

124 435 347 478 dicendum
377 438 456 488 est,
497 434 652 487 quibus
680 446 781 477 vere
810 438 854 477 et
885 437 999 477 recte
1041 433 1279 488 zeugmatis
1313 433 1453 487 figura
1494 433 1612 477 adhi-

123 509 250 552 betur
280 531 337 538 --
369 508 456 551 iam
485 510 666 561 apparet
694 508 832 559 credo,
871 518 1000 561 quam
1027 507 1070 548 in
1100 507 1239 549 locum
1268 509 1463 550 nostrum
1492 506 1613 549 livia-

124 593 228 625 num
267 593 351 625 non
391 581 574 635 quadret
610 581 695 624 ista
730 580 1040 635 interpretandi
1081 579 1163 623 via.
1229 579 1381 633 Itaque
1417 577 1612 634 equidem

123 667 202 708 pro
232 658 349 697 certo
379 653 529 704 habeo,
566 654 633 696 hic
662 653 821 707 aliquid
861 652 1130 695 librariorum
1175 652 1299 706 culpa
1335 651 1611 695 intercidisse.

124 729 268 780 Atque
295 727 347 769 de
377 727 549 770 notione
577 726 704 769 huius
736 726 851 769 vocis
880 737 1054 779 prorsus
1083 725 1205 767 nulla
1227 724 1437 767 dubitatio
1460 735 1605 777 super-

123 812 216 844 esse
254 802 411 853 potest.
469 799 719 852 Requiritur
761 798 874 842 enim
912 810 996 840 vox
1041 797 1180 852 qualis
1225 800 1289 840 est
1323 789 1506 839 ‘muniri'
1545 797 1614 839 vel

121 866 275 925 ‘cingi'.
334 872 427 914 Iam
470 884 571 914 vero
613 875 662 914 ut
700 871 754 913 ad
792 872 898 914 artis
935 883 1108 914 severae
1143 882 1318 914 normas
1357 871 1615 924 regulasque

124 944 205 988 loci
246 944 586 987 emendationem
628 942 951 993 conformemus
995 942 1286 995 quaerendum
1324 944 1402 994 est,
1442 941 1613 983 ubinam

124 1018 332 1062 eiusmodi
373 1017 626 1061 vocabulum
667 1017 865 1059 facillime
912 1015 1164 1059 intercidere
1207 1016 1409 1069 potuerit.
1492 1014 1613 1057 Talia

126 1092 346 1146 reputanti
376 1104 472 1135 ecce
501 1091 616 1134 ultro
646 1103 740 1135 sese
765 1089 904 1133 obfert
948 1089 1198 1143 certissima,
1242 1087 1323 1132 nisi
1362 1088 1502 1132 omnia
1547 1100 1614 1130 me

124 1163 295 1215 fallunt,
328 1165 569 1207 emendatio
591 1165 740 1207 haece:

254 1232 315 1279 ‘id
345 1249 431 1278 non
462 1247 584 1278 muro
614 1235 752 1278 solum
783 1233 913 1287 sepiri,
942 1232 1016 1276 sed
1046 1233 1174 1275 etiam
1194 1233 1248 1275 ob
1267 1231 1608 1276 commoditatem

126 1307 291 1351 itineris
326 1337 591 1349 .......
618 1297 803 1358 placuit³.

262 1378 401 1430 Quam
432 1377 556 1421 facile
585 1378 748 1421 librarii
778 1377 887 1419 oculi
914 1376 968 1419 ab
997 1369 1156 1430 ‘sepiri'
1194 1376 1247 1419 ad
1279 1370 1382 1419 ‘sed‘
1416 1376 1615 1420 aberrare

124 1452 357 1507 potuerint,
392 1451 460 1495 vel
489 1464 558 1495 me
588 1453 760 1494 tacente
790 1450 1067 1503 intellegitur.

768 1644 801 1699 Ι,
835 1647 901 1698 39,
930 1647 969 1687 4.

256 1755 375 1801 ‘Inde
407 1770 589 1813 puerum
619 1757 802 1801 liberum
831 1758 923 1800 loco
952 1759 1151 1811 coeptum
1183 1756 1330 1799 haberi
1372 1756 1614 1808 erudirique

126 1831 303 1881 artibus,
347 1830 502 1884 quibus
545 1829 716 1884 ingenia
763 1830 817 1872 ad
862 1841 1047 1884 magnae
1090 1829 1289 1872 fortunae
1334 1829 1496 1872 cultum
1543 1841 1614 1872 ex-

127 1895 341 1947 citantur².

261 1974 482 2018 Sententia
511 1973 761 2016 verborum:
799 1968 871 2015 ‘ad
901 1984 1084 2025 magnae
1113 1971 1312 2014 fortunae
1342 1971 1500 2014 cultum
1544 1983 1615 2014 ex-

125 2041 329 2094 citantur'
359 2058 621 2101 quamquam
656 2046 773 2090 clara
804 2048 848 2089 et
879 2047 1030 2101 aperta
1062 2046 1139 2095 est,
1175 2045 1319 2086 tamen
1350 2041 1447 2096 ipsa
1487 2042 1617 2085 verba

125 2135 288 2174 vereor,
316 2134 370 2164 ne
399 2121 558 2164 iustam
588 2119 812 2164 dubitandi
855 2130 1006 2162 ansam
1046 2117 1293 2172 praebeant.
1364 2116 1467 2160 Vult
1505 2116 1615 2160 enim

126 2196 273 2239 Livius
300 2194 458 2246 dicere,
493 2193 690 2236 Servium
710 2192 900 2235 Tullium
927 2203 1110 2246 puerum
1138 2190 1201 2233 eis
1223 2189 1386 2232 artibus
1408 2188 1615 2231 imbutum

127 2281 235 2322 esse,
267 2278 380 2321 quae
407 2267 529 2309 illum
558 2277 740 2319 magnae
768 2264 968 2308 fortunae
991 2263 1286 2316 suscipiendae
1313 2265 1357 2304 et
1378 2260 1553 2303 avidum
1574 2261 1619 2302 et

123 2343 323 2386 idoneum
355 2339 597 2383 redderent.
643 2338 724 2381 Est
754 2338 867 2380 enim
898 2349 1057 2390 magna
1083 2334 1283 2379 fortunae
1315 2332 1500 2376 condicio
1527 2332 1617 2376 vul—

124 2427 273 2471 garem
300 2414 523 2458 hominum
556 2414 718 2456 sortem
751 2422 1043 2465 supergressa.
1090 2408 1183 2451 Iam
1217 2406 1254 2450 si
1280 2406 1411 2462 paulo
1444 2417 1616 2449 accura-

124 2490 210 2534 tius
239 2488 371 2532 verba
399 2486 563 2531 tradita
587 2472 757 2541 ‘quibus
789 2483 956 2538 ingenia
985 2483 1040 2527 ad
1073 2492 1256 2535 magnae
1296 2478 1494 2523 fortunae
1529 2479 1617 2521 cul-

125 2567 220 2607 tum
261 2554 521 2606 excitantur'
565 2560 781 2614 inspicias,
823 2558 1003 2613 liquebit
1033 2556 1122 2609 tibi,
1165 2567 1293 2609 quam
1330 2564 1481 2609 parum
1517 2553 1619 2605 apta

130 2636 230 2679 huic
260 2634 501 2679 sententiae
533 2635 589 2677 sit
616 2645 699 2677 vox
728 2626 909 2675 ‘cultus'.
971 2630 1101 2682 Quasi
1137 2641 1238 2672 vero
1276 2624 1497 2681 ‘magnam
1535 2623 1619 2667 for-

134 2710 290 2751 tunam
333 2699 484 2750 colere'
526 2705 639 2748 ullus
680 2716 871 2757 unquam
906 2703 1125 2746 Romanus
1164 2700 1342 2743 dixisset
1379 2698 1447 2742 vel
1484 2696 1622 2741 dicere
