1784 2902
856 165 908 204 10

132 278 176 320 in
207 278 346 320 medio
374 291 457 320 non
488 280 632 332 parvis
665 281 791 323 modo
820 284 1142 327 excursionibus
1171 286 1226 328 ad
1258 289 1421 340 proelia
1451 291 1526 333 sed
1551 291 1618 334 vel

132 351 188 395 ad
217 350 492 406 explicandas
522 353 740 407 utrimque
768 354 881 399 acies
914 356 1020 400 satis
1045 360 1267 411 patentem
1299 356 1541 407 habebant?

266 425 494 468 Praeclare
530 424 713 470 Adolfus
752 427 940 471 Kochius
978 430 1022 472 in
1057 430 1235 474 Emend.
1272 433 1363 477 Liv.
1407 440 1519 489 part.
1562 436 1616 479 H.

130 497 452 552 Brandenburg.
489 501 609 541 1861.
641 512 681 552 p.
712 502 752 541 4.
783 501 1002 553 intellexit,
1039 499 1326 550 ‘excursiones
1359 508 1415 551 ad
1441 503 1617 563 proelia’

129 570 337 613 sermonis
364 570 488 613 latini
519 584 601 615 usu
633 571 858 616 defendere
899 587 982 617 non
1021 576 1149 619 licere
1187 580 1231 621 et
1269 590 1429 632 paucas
1469 593 1615 625 excur-

129 643 269 687 siones
297 643 353 686 ad
383 644 545 697 proelia
574 656 751 697 prorsus
780 658 1004 700 perversas
1034 650 1079 691 et
1108 649 1310 694 ridiculas
1339 663 1443 695 esse.
1483 652 1617 707 Egre-
1662 707 1666 711 ι

129 718 199 770 gia
227 717 360 770 igitur
394 718 696 783 emendatione
722 720 915 772 reposuit
953 717 1289 767 ‘excursionibus
1327 738 1377 769 ac
1415 721 1614 781 proeliis’.

128 789 291 832 Vellem
310 789 375 832 vir
396 790 667 834 acutissimus
687 792 834 835 acrius-
849 793 892 835 in
911 793 1023 837 hunc
1042 795 1179 839 locum
1197 796 1456 850 intendisset,
1489 811 1615 853 quem

127 862 314 905 nondum
342 862 455 906 omni
480 863 747 908 dubitatione
773 869 990 910 exemtum
1012 880 1103 912 esse
1122 870 1202 912 aio.
1246 868 1357 914 Nam
1372 869 1486 927 fugit
1503 886 1614 927 eum,

127 934 169 977 id
205 935 319 987 quod
354 934 442 978 iam
477 936 848 991 Freudenbergius
887 939 1067 993 (observ.
1098 941 1261 985 Livian.
1293 947 1403 997 part.
1434 944 1487 988 H.
1517 959 1558 999 p.
1588 950 1613 988 6

125 1006 239 1062 sqq.)
266 1006 384 1061 vidit,
416 1008 531 1051 aliud
568 1010 719 1052 vitium
749 1010 926 1054 latitans
958 1013 1001 1055 in
1032 1013 1194 1057 verbis:
1231 1010 1454 1068 ‘quattuor
1495 1030 1615 1061 exer-

125 1080 234 1123 citus
264 1081 444 1123 totidem
473 1082 739 1126 munimenta
766 1085 988 1137 planitiem
1018 1087 1061 1128 in
1090 1086 1508 1142 medio—patentem
1537 1091 1611 1134 ha-

124 1147 309 1196 bebant'.
354 1152 593 1198 Audiamus
622 1155 1018 1212 Freudenbergium
1046 1163 1183 1212 acute,
1217 1163 1265 1203 ut
1296 1162 1417 1214 solet,
1450 1163 1502 1206 de
1533 1163 1613 1208 hoc

122 1227 213 1269 loco
244 1226 558 1279 disputantem:
587 1224 654 1270 ‘In
682 1229 834 1282 qnibus
865 1231 1040 1284 (verbis)
1072 1233 1262 1285 primum
1284 1246 1369 1277 non
1394 1247 1610 1290 assequor,

123 1299 334 1351 quomodo
363 1300 575 1343 exercitus
606 1304 649 1344 et
680 1303 944 1347 munimenta
979 1305 1105 1348 iuxta
1132 1305 1272 1359 posita
1301 1306 1413 1351 inter
1441 1320 1487 1350 se
1507 1308 1614 1352 refe—

123 1374 292 1423 rantur,
337 1376 484 1415 utrum
529 1386 594 1416 vv.
637 1371 837 1417 ‘totidem
883 1377 1160 1419 munimenta?
1207 1380 1483 1433 appositionis
1523 1382 1613 1425 vice

122 1443 368 1499 fungantur,
398 1446 511 1498 quod
540 1447 734 1500 ineptum
766 1451 843 1500 est,
873 1462 929 1492 an
958 1450 1201 1503 explicandi
1232 1463 1362 1496 causa
1390 1453 1613 1498 subiuncta

122 1516 234 1560 idem
263 1517 408 1561 valere
440 1519 606 1571 possint
637 1522 768 1572 atque
797 1522 1011 1565 exercitus
1040 1522 1081 1563 in
1121 1523 1299 1567 totidem
1342 1525 1613 1569 munimentis

121 1591 327 1644 collocati,
365 1590 477 1644 quod
504 1603 664 1644 vereor,
709 1595 759 1635 ut
786 1593 1045 1638 Latinorum
1084 1608 1165 1640 usu
1204 1596 1402 1650 loquendi
1445 1598 1613 1642 defendi
1681 1606 1683 1608 ’

121 1663 259 1707 liceat.
333 1663 497 1707 Deinde
526 1666 576 1707 ut
605 1667 784 1718 taceam,
820 1666 1055 1711 insolenter
1099 1668 1182 1713 dici
1227 1670 1491 1713 munimenta
1523 1672 1613 1726 pla-

122 1736 270 1779 nitiem
286 1736 327 1778 in
344 1736 769 1792 medio—habebant,
805 1740 874 1782 vel
903 1740 1109 1794 planitiei,
1140 1753 1250 1795 quae
1279 1745 1407 1786 antea
1427 1743 1613 1786 nondum

121 1813 456 1854 commemorata
485 1810 554 1864 sit,
588 1810 832 1867 importune
862 1814 1023 1857 mentio
1050 1812 1244 1866 infertur,
1289 1827 1384 1858 cum
1423 1816 1612 1860 locorum

119 1885 275 1925 natura
304 1882 579 1927 describenda
607 1887 652 1927 et
679 1897 811 1929 causa
842 1885 1066 1930 afferenda
1094 1887 1236 1940 fuerit,
1272 1900 1383 1941 quae
1407 1887 1611 1942 quattuor

116 1956 372 2000 exercitibus
387 1957 566 2000 totidem
584 1961 728 2001 eastra
742 1958 989 2003 conferendi
1012 1959 1265 2004 facultatem
1288 1960 1464 2005 dederit.
1495 1961 1613 2013 Quae

117 2029 285 2080 quidem
302 2028 497 2072 salebrae
512 2034 724 2082 quotquot
738 2034 841 2073 sunt
866 2034 1123 2084 eximentur,
1146 2034 1180 2076 si
1205 2046 1247 2075 m
1264 2033 1411 2076 littera
1426 2034 1609 2089 dempta,

114 2099 188 2154 (de
217 2112 300 2154 quo
331 2101 602 2155 corruptelae
627 2113 796 2158 genere,
823 2103 866 2146 in
885 2102 999 2147 Livii
1017 2104 1231 2148 codicibus
1249 2104 1605 2159 frequentissimo,

115 2174 211 2216 vide
247 2173 510 2227 Madvigium
551 2175 723 2229 egregie
762 2177 1059 2229 disputantem
1089 2177 1133 2220 in
1164 2178 1340 2222 Emend.
1373 2179 1463 2223 Liv.
1495 2194 1537 2235 p.
1570 2184 1609 2224 8.

115 2245 226 2300 sqq.)
260 2239 460 2290 scribas':
516 2241 584 2291 Ita
604 2251 830 2302 „quattuor
876 2250 1089 2295 exercitus
1132 2252 1312 2295 totidem
1349 2252 1613 2297 munimenta

116 2318 293 2373 planitie
321 2320 364 2362 in
393 2320 531 2363 medio
562 2332 646 2364 non
674 2322 818 2374 parvis
851 2323 976 2366 modo
1006 2324 1326 2368 excursionibus
1355 2337 1405 2368 ac
1426 2326 1611 2380 proeliis,

114 2392 194 2437 sed
221 2392 287 2435 vel
318 2391 373 2435 ad
401 2392 676 2446 explicandas
715 2394 931 2448 utrimque
966 2396 1079 2440 acies
1117 2395 1222 2439 satis
1260 2400 1446 2451 patente,
1488 2398 1614 2443 habe-

110 2466 226 2510 bant.
290 2466 434 2509 ‘Haud
487 2466 612 2509 dubie
646 2467 749 2510 illud
788 2468 928 2512 fraudi
967 2469 1050 2512 fuit
1085 2470 1284 2523 librariis,
1323 2471 1435 2524 quod
1460 2472 1537 2515 vv?
1570 2472 1612 2516 in

119 2540 257 2585 medio
281 2539 509 2592 ‘attributi‚
543 2541 657 2594 quod
689 2545 855 2595 vocant,
887 2542 979 2586 loco
1011 2544 1116 2586 cum'
1150 2543 1329 2598 planitie
1344 2544 1503 2588 ‘iuncta
1522 2558 1613 2590 esse

114 2627 197 2658 non
228 2614 546 2668 perspicientes,
579 2615 643 2658 ad‘
678 2615 893 2659 habebant
906 2615 1145 2661 ‘referenda
1175 2630 1265 2663 esse
1299 2614 1610 2672 opinabantur'.

236 2687 463 2730 *Hactenus
499 2687 884 2743 Freudenbergius,
918 2690 959 2732 in
988 2690 1108 2733 cuius
1138 2691 1277 2734 verbis
1295 2691 1357 2734 ita
1383 2694 1485 2733 sunt
1511 2703 1613 2735 vera
