1784 2902
898 121 949 162 21

192 243 241 284 ut
272 239 434 284 iuridici
469 241 604 299 aiunt,
640 240 855 284 notionem
897 240 1086 284 continet
1123 239 1193 294 (cf.
1226 239 1478 284 Doederlein
1506 238 1662 294 Synon.

191 312 241 367 V,
267 324 309 367 p.
335 309 455 368 356).
525 314 745 358 Postremo
784 316 952 369 recepto
978 306 1209 368 ‘decepere'
1238 312 1468 367 probabilis
1507 312 1663 355 erroris

189 389 319 443 origo,
349 389 393 432 id
419 389 531 443 quod
559 389 646 432 iam
675 389 912 443 Madvigius
938 388 1147 444 (Emend.
1178 388 1338 431 Livian.
1364 402 1405 443 p.
1437 389 1537 443 232)
1569 400 1661 432 sen-

188 462 257 515 sit,
288 461 567 505 demonstrari
595 457 754 516 nequit.
772 448 775 451 ’
796 461 888 506 Iam
920 475 1012 506 cum
1045 464 1292 515 quaeratur,
1323 461 1535 514 quodnam
1565 473 1660 515 par-

189 535 392 589 ticipium,
410 536 522 590 quod
539 535 753 579 notionem
769 531 870 579 ‘non
889 528 1297 579 animadversarum'
1327 534 1554 586 contineat,
1588 545 1660 588 ap·

186 608 351 652 tissime
387 620 484 651 cum
519 620 619 651 voce
654 603 861 652 ‘insidiae'
896 609 1112 662 iungatur,
1156 620 1279 650 nemo
1315 609 1419 661 puto
1450 606 1662 661 Madvigio

187 680 519 735 adstipulabitur
555 681 775 725 scribenti:
811 678 882 725 ‘ab
911 684 1031 735 tergo
1071 685 1113 725 et
1144 692 1272 735 super
1306 683 1435 735 caput
1465 682 1662 733 acceptae

186 746 386 805 insidiae',
418 753 480 797 ita
509 756 559 797 ut
585 766 682 798 cum
714 754 907 797 acumine
938 753 1122 807 quodam
1140 753 1374 796 Flaminius
1403 751 1663 806 significetur

188 836 260 868 eas
290 824 452 868 subisse
485 828 530 868 et
556 826 598 867 in
631 837 703 868 eas
745 837 790 867 se
819 828 1040 877 tamquam
1078 825 1122 866 in
1157 828 1249 868 rete
1279 825 1476 873 induisse.
1547 824 1662 867 Haec

186 897 312 941 lectio
338 909 467 951 quam
496 898 586 953 ipse
607 897 850 952 Madvigius
879 897 1015 941 libens
1045 897 1087 939 in
1116 898 1455 941 coniecturarum
1486 908 1662 939 numero

186 971 364 1025 reponit,
405 971 500 1024 ipsa
526 982 571 1013 se
598 970 795 1023 damnat3
837 981 932 1013 nam
963 973 1053 1013 tam
1084 970 1246 1025 grande
1283 982 1333 1013 ac
1363 981 1497 1024 paene
1528 969 1664 1023 poeti-

186 1056 283 1088 cum
311 1043 509 1097 loquendi
542 1056 676 1099 genus
716 1042 976 1098 simplicitati
1016 1043 1104 1090 stili
1132 1043 1300 1087 Liviani
1335 1055 1417 1087 non
1455 1043 1659 1086 convenit.

186 1108 343 1167 Quodsi
374 1120 517 1161 tantos
548 1117 713 1159 criticos
732 1117 987 1171 linguaeque
1008 1118 1170 1160 latinae
1192 1117 1481 1170 peritissimos,
1514 1116 1662 1170 quales

185 1189 376 1243 Lipsium
406 1192 449 1232 et
472 1189 733 1244 Madvigium
762 1190 856 1233 iure
885 1189 1150 1233 admiramur
1179 1202 1228 1232 ac
1258 1190 1522 1243 suspicimus,
1554 1189 1660 1232 nihil

184 1263 229 1306 in
258 1262 447 1306 sanando
481 1264 746 1307 atrocissimo
775 1262 949 1307 vulnere
978 1263 1205 1319 profecisse
1223 1263 1359 1317 video,
1389 1263 1473 1306 iam
1495 1275 1570 1318 spe
1591 1262 1661 1307 de-

184 1334 331 1389 pellor,
365 1334 469 1388 fore,
499 1339 548 1379 ut
577 1336 668 1389 ipse
697 1336 923 1389 pristinum
949 1336 1129 1379 nitorem
1160 1336 1276 1379 Livio
1308 1335 1544 1378 restituam.
1604 1336 1663 1379 At

186 1420 281 1452 cum
323 1408 524 1462 cogitatio
566 1409 754 1452 animum
797 1408 932 1462 subit,
975 1420 1104 1463 quam
1145 1407 1283 1452 multa
1321 1409 1425 1452 vitia
1468 1411 1661 1452 veterum

185 1479 438 1534 scriptorum
469 1480 587 1524 libris
617 1493 716 1525 mss.
748 1481 955 1535 adspersa
982 1479 1231 1534 frustraque
1260 1481 1337 1524 illa
1364 1494 1390 1525 a
1418 1481 1518 1525 viris
1546 1481 1660 1537 inge-

183 1539 432 1597 niosissimis
452 1555 631 1606 tentata,
664 1566 766 1597 casu
786 1557 831 1597 et
850 1557 1044 1608 tempore
1065 1554 1316 1606 emaculata,
1342 1554 1453 1597 redit
1471 1555 1660 1608 profecto

185 1626 352 1670 animus
381 1627 524 1679 libere,
554 1639 683 1681 quam
713 1627 804 1682 ipse
833 1626 936 1670 finxi
954 1627 1254 1680 coniecturam,
1278 1626 1533 1682 proferendi.
1577 1628 1659 1671 Ne-

184 1699 267 1742 scio
297 1699 408 1742 enim
437 1713 494 1743 an
523 1700 634 1743 bona
664 1700 770 1744 hora
794 1701 1129 1744 emendaverim:

314 1771 381 1817 ‘ab
412 1777 534 1829 tergo
562 1777 606 1819 et
634 1787 762 1830 super
790 1778 919 1830 caput
948 1774 1040 1816 haut
1069 1773 1263 1827 dispectae
1291 1766 1496 1816 insidiae.³

318 1847 509 1890 Primum
538 1850 683 1892 autem
713 1849 841 1901 vides,
880 1860 1009 1902 quam
1038 1847 1163 1891 facile
1195 1849 1291 1900 post
1316 1840 1475 1900 ‘caput'
1508 1847 1659 1891 vocula

179 1913 315 1964 ‘haut'
343 1920 593 1965 intercidere
619 1921 830 1975 potuerit3
863 1920 1014 1965 deinde
1034 1920 1069 1963 si
1089 1919 1333 1964 memineris
1355 1920 1558 1963 solemnis
1578 1921 1658 1975 syl-

182 1992 378 2035 labarum
404 1986 487 2037 ‘de'
513 1996 556 2036 et
577 1988 648 2036 ‘di'
676 1995 719 2037 in
742 1993 955 2038 codicibus
985 1993 1235 2037 mutationis
1254 1991 1321 2045 (cf.
1342 1993 1659 2037 Drakenborch.

182 2065 237 2110 ad
263 2065 359 2122 Liv,
381 2065 473 2119 VII,
505 2068 571 2120 23,
605 2066 648 2122 6)
679 2071 722 2112 et
750 2068 993 2112 litterarum
1020 2079 1046 2121 p
1063 2068 1107 2109 et
1127 2078 1148 2109 c
1165 2065 1422 2111 metathesin
1441 2066 1655 2120 statueris,

182 2136 252 2194 (cf.
284 2139 467 2192 exempli
496 2140 639 2192 gratia
678 2142 871 2183 mutatas
901 2140 1012 2183 inter
1043 2151 1136 2182 sese
1165 2150 1309 2182 voces:
1348 2133 1590 2194 ‘suscipere'
1616 2143 1660 2183 et

179 2204 440 2265 ‘suspicere³;
468 2205 626 2267 ‘accipi'
655 2214 700 2255 et
726 2209 886 2265 ‘aspici‘
916 2211 1071 2263 XXIII,
1109 2214 1171 2265 17,
1202 2210 1246 2265 7)
1277 2214 1499 2255 externam
1530 2224 1657 2265 quam

181 2286 348 2328 vocant·
361 2283 706 2340 probabilitatem
734 2284 1020 2328 emendationi
1050 2296 1170 2327 meae
1191 2297 1275 2328 non
1295 2285 1440 2328 deesse
1461 2285 1538 2328 tibi
1561 2298 1656 2329 0011·

183 2358 414 2406 cedendum
446 2361 522 2402 est.
580 2358 672 2402 Iam
705 2358 842 2413 ipsum
872 2357 1122 2413 dispiciendi
1141 2358 1317 2402 verbum
1345 2358 1472 2412 paulo
1503 2357 1656 2403 fortius

182 2432 249 2475 est
277 2442 405 2485 quam
435 2430 603 2476 videndi
632 2431 699 2475 vel
738 2431 1119 2486 animadvertendi3
1161 2434 1283 2476 notat
1327 2431 1438 2474 enim
1482 2435 1657 2476 auctore

166 2504 392 2550 =Gessnero
423 2504 483 2560 (in
511 2505 713 2550 thesauro
739 2505 767 2549 1.
803 2505 830 2549 l.
863 2517 895 2549 s.
926 2504 967 2549 h.
998 2509 1056 2562 v.)
1090 2502 1369 2561 ‘diligentiam
1406 2505 1658 2561 ,inspiciendi

183 2582 226 2621 et
255 2579 557 2631 considerandi,
589 2591 685 2623 cum
716 2580 758 2622 in
791 2580 979 2623 diversas
1008 2582 1154 2633 partes
1180 2578 1412 2623 differimus
1431 2580 1573 2624 oculos
1591 2581 1658 2624 vel

183 2652 371 2706 corporis
403 2651 471 2695 vel
501 2653 653 2696 mentis
685 2655 729 2695 et
748 2652 932 2706 undique
951 2664 1042 2696 rem
1060 2646 1347 2706 adspicimus.³
1388 2652 1540 2707 Itaque
1561 2665 1654 2697 eam
