1784 2902
896 133 945 174 19

187 253 337 308 ditum,
376 253 491 298 mille
520 254 685 308 equites
714 254 861 308 sociOS,
896 258 1117 299 sexcentos
1145 255 1360 300 Romanos
1391 256 1531 302 Gallia
1559 271 1658 313 pro-

183 328 321 373 vincia
350 340 398 370 ea
426 328 514 371 defin
543 329 578 371 vl
606 341 675 371 usa
703 330 747 373 in
777 328 983 373 Punicum
1013 328 1175 373 bellum
1204 322 1383 374 habuit.³

317 401 510 446 Iamvero
545 403 759 446 sententia
795 402 912 447 clara
951 406 1081 458 atque
1114 407 1264 458 aperta
1301 404 1456 448 evadit.
1514 404 1659 448 Livius

184 474 298 519 enim
327 467 449 519 dicit:
488 474 671 519 Galliam
700 476 960 531 provinciam
988 475 1083 520 illas
1113 477 1254 531 copias
1283 476 1482 522 habuisse
1513 478 1658 532 eisque

184 550 335 602 postea
358 547 403 591 in
429 546 589 591 bellum
628 548 836 593 Punicum
874 561 996 593 usam
1033 562 1139 594 esse.
1204 549 1414 593 Litteram
1451 544 1524 593 ‘m'
1562 563 1658 595 cum

184 633 285 666 voce
309 615 380 665 ‘vi'
408 621 642 665 sexcenties
678 623 835 667 mutari
864 635 950 667 non
978 626 1056 676 est,
1086 623 1198 678 quod
1228 635 1434 677 moneam,
1465 624 1516 668 cf.
1552 624 1660 668 Dra-

184 694 307 737 kenb.
336 694 390 738 ad
418 694 651 747 XXXVIII,
686 698 750 749 13,
778 700 817 738 4.
874 695 1053 739 Videtur
1088 700 1233 739 autem
1269 696 1471 751 absorpta
1509 699 1659 741 vocula

183 759 256 811 ‘vi’
302 767 389 811 sive
425 769 601 823 propter
637 762 711 810 ‘³111
744 767 915 812 finalem
946 769 1247 822 antecedentis,
1283 769 1370 814 sive
1399 766 1614 826 propter‘
1618 764 1660 814 u³

183 839 442 893 insequentis
468 840 673 892 vocabuli,
715 840 913 883 librarius
946 853 999 883 ex
1027 853 1105 884 suo
1132 842 1300 896 ingenio
1330 855 1407 896 pro
1436 839 1505 887 ‘ea
1534 837 1658 896 dein³,

162 914 400 968 .quod1am
420 926 590 958 sensum
610 927 694 958 non
720 914 909 968 haberet,
940 915 1182 969 reposuisse
1205 909 1395 959 ε’.θοιίθιῐι
1435 906 1659 960 Postremo

182 999 320 1041 neque
351 991 637 1033 commutatae
666 1001 789 1033 voces
815 985 944 1034 “usus
977 984 1057 1032 et‘
1060 982 1223 1033 versus³
1254 989 1460 1043 exemplis
1500 993 1657 1034 carent

779 1167 892 1220 XXI,
924 1170 989 1220 52,
1021 1170 1058 1220 2,

313 1276 489 1323 ‘Tamen
522 1280 667 1323 consul
707 1281 817 1324 alter
856 1280 1045 1334 equestri
1083 1281 1245 1335 proelio
1285 1293 1370 1324 uno
1410 1285 1454 1326 et
1482 1282 1658 1326 vulnere

182 1364 259 1395 suo
288 1355 331 1395 et
359 1353 548 1394 minutus
579 1352 695 1394 trahi
724 1365 814 1395 rem
841 1346 1057 1397 malebat.³

316 1425 427 1468 Ante
440 1425 699 1478 Madvigium
722 1437 868 1469 omnes
889 1426 1021 1470 critici
1048 1427 1184 1470 securi
1210 1428 1264 1470 de
1287 1427 1498 1470 sententia
1520 1440 1657 1482 prava

183 1510 232 1540 ac
261 1509 462 1552 perversa
492 1498 800 1551 adquieverunt
831 1498 873 1540 in
903 1499 1082 1542 lectione
1113 1502 1303 1542 veterum
1333 1500 1568 1543 editionum
1594 1497 1655 1544 ‘et

183 1563 400 1624 minutus³,
440 1582 568 1625 quam
597 1570 758 1615 frustra
788 1573 839 1614 ut
868 1572 1042 1626 propius
1072 1573 1128 1616 ad
1157 1573 1351 1616 codicum
1384 1574 1562 1628 vestigia
1586 1587 1655 1618 ac-

182 1645 389 1694 cederent,
420 1643 785 1687 Weissenbornius
816 1648 858 1687 et
882 1645 1174 1688 Alschefskius
1204 1646 1249 1688 in
1268 1639 1539 1689 ‘deminutus'
1562 1659 1656 1688 mu-

181 1719 394 1760 taverunt.
462 1715 676 1771 Madvigio
718 1718 831 1761 enim
871 1716 942 1773 (cf.
980 1718 1155 1762 Emend.
1197 1719 1288 1762 Liv.
1326 1732 1367 1773 p.
1408 1718 1507 1773 225)
1552 1718 1656 1763 satis

180 1792 345 1833 certum
373 1788 555 1841 videtur,
596 1789 731 1832 latine
770 1802 855 1832 non
894 1790 985 1842 dici,
1025 1791 1239 1834 hominem
1279 1792 1464 1845 equestri
1494 1792 1655 1846 proelio

180 1866 225 1904 et
255 1863 429 1906 vulnere
459 1874 535 1905 suo
564 1863 651 1906 sive
679 1864 891 1907 minutum
922 1864 1009 1908 sive
1038 1865 1316 1917 deminutum,
1346 1868 1396 1907 ut
1426 1865 1554 1907 animi
1584 1865 1654 1908 de-

180 1935 325 1979 missio
355 1934 630 1988 significetur.
696 1936 1049 1980 Emendationem
1080 1949 1180 1980 vero
1213 1937 1293 1980 loci
1330 1937 1373 1979 in
1403 1937 1530 1980 dubio
1560 1938 1654 1980 reli-

179 2007 284 2061 quit,
314 2019 410 2049 cum
439 2007 554 2061 quod
582 2008 663 2062 ipsi
691 2008 733 2051 in
766 2012 951 2052 mentem
982 2009 1100 2053 venit
1126 2003 1399 2053 ‘admonitus'
1428 2022 1454 2051 a
1483 2009 1655 2053 traditis

178 2080 335 2124 litteris
363 2080 487 2124 nimis
516 2080 699 2125 recedat.
759 2081 989 2137 Scripsitne
1017 2082 1185 2127 Livius:

313 2148 475 2195 ‘tamen
502 2155 652 2197 consul
680 2154 791 2197 alter
821 2155 1007 2210 equestri
1035 2156 1195 2210 proelio
1228 2150 1327 2198 una³
1358 2156 1439 2208 (ita
1466 2168 1563 2199 cum
1591 2155 1653 2199 Si-

179 2225 302 2279 gonio
332 2225 533 2280 rescribo)
567 2222 629 2269 ‘et
657 2224 831 2270 vulnere
869 2239 945 2271 suo
975 2232 1043 2281 spe
1084 2228 1273 2273 minutus
1302 2229 1417 2272 trahi
1445 2241 1536 2273 rem
1565 2241 1654 2271 ma-

178 2298 296 2342 lebat
308 2292 343 2342 ’θ’

313 2371 525 2416 Voculam
551 2367 656 2428 ‘spe'
686 2372 855 2427 egregie
888 2372 968 2416 hoc
1008 2373 1101 2416 loco
1139 2386 1185 2417 se
1226 2374 1383 2417 habere
1423 2374 1653 2417 ostendunt

178 2458 243 2499 ea,
284 2458 408 2501 quae-
423 2447 615 2501 proxime
651 2446 908 2490 antecedunt
950 2445 987 2501 ξ.
1022 2449 1058 2490 1.
1090 2444 1199 2491 ‘Iam
1228 2447 1352 2491 ambo
1383 2447 1579 2491 consules
1608 2451 1653 2491 et

178 2519 381 2573 quidquid
410 2519 700 2564 Romanarum
731 2521 882 2564 virium
915 2524 1011 2564 erat
1040 2521 1270 2564 Hannibali
1300 2521 1542 2576 oppositum
1577 2524 1654 2564 aut

178 2592 263 2636 illis
289 2594 421 2648 copiis
449 2592 616 2638 defendi
644 2607 767 2650 posse
781 2596 1019 2640 Romanum
1050 2595 1272 2650 imperium
1302 2597 1379 2639 aut
1409 2607 1530 2650 spem
1560 2595 1652 2638 nul-

179 2665 264 2707 lam
296 2666 425 2709 aliam
455 2679 548 2711 esse
579 2669 685 2712 satis
710 2662 985 2712 declarabat.³
