1784 2902
881 194 936 234 20

763 349 897 402 XXII,
927 354 967 403 4,
995 353 1035 393 4.

287 453 540 501 ‘Flaminius
575 471 669 501 cum
699 460 835 514 pridie
866 462 967 504 solis
997 473 1150 506 occasu
1178 464 1232 507 ad
1262 464 1402 508 lacum
1427 466 1640 519 pervenis-

156 532 234 583 set,
269 530 538 584 inexplorato
569 534 741 585 postero
772 531 840 574 die
871 533 1044 576 vixdum
1075 536 1179 579 satis
1210 539 1328 580 certa
1358 537 1452 581 luce
1484 550 1639 592 angus-

154 603 227 646 tiis
256 604 483 657 superatis,
522 606 752 657 postquam
781 605 825 647 in
856 606 1141 658 patentiorem
1178 621 1374 664 campum
1403 610 1534 664 pandi
1564 623 1639 666 ag-

155 688 252 719 men
282 677 431 731 coepit,
474 676 517 719 id
546 680 717 721 tantum
745 678 932 722 hostium
970 681 1084 733 quod
1114 693 1167 724 ex
1196 682 1373 727 adverso
1406 686 1501 727 erat
1542 695 1640 727 con-

155 750 318 803 spexit:
350 750 404 793 ab
431 755 555 805 tergo
585 762 635 794 ac
664 763 791 805 super
822 754 952 807 caput
980 753 1186 809 decepere
1215 755 1406 799 insidiae.

290 823 337 865 In
369 823 580 866 codicibus
612 823 820 877 scriptum
854 827 919 868 est
946 820 1166 880 ‘deceptae
1196 821 1400 871 insidiae'.

288 894 370 939 Est
388 895 455 939 hic
472 896 590 939 locus
610 896 723 940 inter
739 896 1144 942 conclamatissimos
1159 901 1459 952 numerandus,
1482 900 1639 955 quippe

156 968 220 1012 cui
252 967 336 1010 duo
366 969 553 1011 omnium
585 970 832 1013 nobilissimi
854 971 998 1024 critici,
1022 972 1191 1026 Lipsius
1211 976 1254 1016 et
1271 973 1508 1027 Madvigius
1529 972 1638 1016 frus-

154 1044 224 1084 tra
254 1053 376 1097 opem
407 1042 519 1086 ferre
550 1043 803 1087 studuerint.
864 1044 958 1087 Vox
990 1045 1100 1087 enim
1129 1041 1374 1100 ‘deceptae’,
1409 1057 1537 1099 quam
1566 1057 1638 1088 ex-

153 1116 286 1168 ceptis
319 1116 573 1167 quibusdam
605 1117 773 1159 levioris
816 1129 866 1159 ac
903 1129 1039 1170 paene
1077 1118 1236 1161 nullius
1277 1119 1477 1162 momenti
1522 1118 1637 1162 libris

154 1199 300 1231 omnes
330 1188 466 1231 bonae
500 1192 627 1232 notae
657 1189 822 1232 codices
859 1189 1049 1242 tradunt,
1090 1202 1265 1244 prorsus
1304 1191 1418 1233 omni
1455 1190 1636 1249 explica-

152 1260 269 1303 tione
296 1264 426 1305 caret.
478 1261 675 1305 Editores
708 1265 853 1305 autem
882 1261 979 1305 inde
1009 1276 1035 1306 a
1064 1262 1206 1317 Lipsio
1237 1275 1381 1306 omnes
1413 1274 1515 1306 sane
1545 1275 1636 1316 spe-

153 1334 310 1377 ciosam
321 1334 434 1377 illius
446 1329 977 1389 coniecturam‘decepere'
987 1335 1367 1389 amplectebantur,
1379 1335 1635 1379 latinitatem

153 1408 279 1461 plane
296 1407 539 1460 barbaram,
567 1420 696 1462 quam
716 1408 834 1451 Livio
857 1408 1140 1461 imputabant,
1172 1407 1277 1450 nihil
1301 1411 1511 1451 curantes.
1540 1407 1637 1461 Ipse

150 1493 251 1524 vero
283 1481 450 1534 Lipsius
480 1484 626 1523 tantus
657 1481 722 1523 sui
754 1481 911 1535 ingenii
950 1481 1185 1524 admirator
1226 1480 1402 1533 exstitit,
1446 1481 1636 1534 adeoque

150 1566 227 1597 suo
258 1554 391 1608 ipsius
423 1554 593 1596 invento
624 1553 795 1607 plausit,
842 1557 891 1596 ut
921 1553 1024 1596 haec
1055 1553 1185 1596 verba
1225 1553 1437 1597 adiceret:
1475 1549 1636 1596 ‘Fallor

150 1640 203 1669 an
235 1626 477 1670 faventibus
506 1626 638 1669 Musis
668 1626 913 1670 emendavi:
943 1621 1089 1681 ‘super
1127 1630 1258 1682 caput
1296 1627 1499 1682 decepere
1538 1626 1633 1669 insi-

149 1699 272 1744 diae.³
330 1700 619 1743 Hellenismus
647 1707 712 1743 est
742 1703 785 1742 et
825 1713 928 1744 usus
965 1700 1093 1744 verbo
1132 1700 1366 1754 decipiendi
1404 1700 1547 1744 Livius
1586 1702 1635 1742 ut

149 1775 291 1819 Latini
333 1773 460 1828 vulgo
499 1772 674 1816 fallendi
719 1775 763 1815 et
799 1777 847 1816 ut
888 1772 1040 1817 Graeci
1084 1769 1136 1815 τὸ
1180 1768 1413 1815 λανθάνειν
1449 1766 1634 1828 passim.'

148 1850 284 1891 Recte
311 1847 481 1901 quidem
501 1847 671 1900 Lipsius
704 1847 757 1890 de
786 1846 959 1890 fallendi
990 1847 1103 1901 apud
1136 1847 1300 1890 Livium
1328 1845 1635 1901 significatione

152 1921 330 1964 monuit.
390 1919 501 1963 Nam
532 1919 674 1963 Livius
702 1919 754 1962 de
787 1918 967 1963 Graecia
994 1922 1043 1963 ut
1071 1920 1206 1963 multa
1234 1919 1394 1972 intulit,
1425 1919 1488 1963 ita
1515 1930 1636 1973 grae-

148 2007 244 2037 cum
274 1994 449 2037 verbum
488 1987 769 2046 ‘Zadevetv'‚
809 1994 923 2046 quod
962 2006 1059 2037 cum
1099 1993 1321 2046 participio
1366 1992 1633 2035 coniunctum

147 2067 337 2111 adverbii
366 2067 457 2111 vice
483 2065 676 2120 fungitur
706 2063 864 2121 (ἔλαθε
896 2062 1110 2122 προςιιὸν)
1139 2066 1332 2109 imitatus
1365 2067 1442 2118 est,
1486 2064 1537 2108 cf.
1576 2065 1630 2117 Π,

153 2144 216 2192 19,
249 2143 287 2182 7.
313 2136 373 2183 ‘et
406 2140 460 2183 ad
494 2140 676 2183 alterum
710 2152 842 2183 cornu
874 2140 1085 2183 Aebutius
1115 2139 1320 2194 magister
1359 2140 1551 2191 equitum
1588 2139 1631 2181 in

149 2214 374 2257 Octavium
407 2213 629 2256 Manilium
663 2213 868 2267 impetum
911 2212 1110 2264 dederat,
1154 2224 1232 2255 nec
1271 2210 1423 2255 fefellit
1460 2211 1632 2255 veniens

149 2286 439 2330 Tusculanum
480 2286 631 2328 ducem
670 2279 766 2328 etc.³
833 2285 964 2337 XXV,
997 2288 1033 2336 9,
1078 2287 1114 2327 2.
1158 2280 1227 2327 ‘ne
1267 2284 1361 2337 quis
1400 2283 1632 2338 agrestium

147 2359 293 2413 procul
333 2361 549 2412 spectator
591 2357 772 2412 agminis
807 2350 1006 2400 falleret.'
1076 2356 1228 2406 XXXI,
1268 2358 1333 2397 38.
1367 2350 1479 2398 ‘cum
1514 2354 1630 2398 abire

145 2432 244 2475 inde
274 2435 319 2475 et
347 2429 498 2475 fallere
530 2430 675 2490 abiens
705 2430 873 2473 hostem
903 2423 1060 2473 vellet.³

282 2504 501 2549 Hactenus
533 2504 665 2558 igitur
699 2515 775 2547 suo
802 2502 972 2559 Lipsius
1003 2502 1118 2545 iure:
1161 2513 1260 2544 num
1291 2501 1402 2545 idem
1438 2501 1479 2544 in
1520 2500 1630 2544 deci-

146 2579 286 2633 piendi
316 2579 495 2620 verbum
527 2578 674 2620 cadit?
745 2577 905 2620 Omitto
935 2589 987 2619 ne
1017 2576 1130 2629 apud
1158 2575 1335 2618 ultimae
1373 2575 1542 2628 quidem
1571 2574 1631 2617 la-

146 2650 328 2694 tinitatis
357 2650 587 2704 scriptores
618 2648 793 2691 verbum
823 2649 886 2691 ita
912 2647 1097 2702 positum
1125 2647 1312 2689 inveniri.
1350 2646 1488 2697 Quid?
1517 2645 1630 2698 quod

145 2737 223 2769 nec
251 2725 313 2768 ita
343 2724 540 2779 usurpari
572 2722 743 2777 potuit?
788 2721 898 2763 Nam
922 2717 1146 2774 ‘decipere’
1176 2732 1343 2773 semper
1371 2715 1472 2762 ‘doli
1497 2711 1626 2769 mals,
