1784 2902
861 150 915 192 30
962 137 966 141 .

145 266 265 309 nullo
281 267 407 310 modo
424 266 503 310 hoc
523 267 780 311 adminiculo
800 280 909 322 opus
933 272 1020 321 est;
1051 281 1129 323 per
1146 281 1191 313 se
1206 270 1324 316 enim<
1338 273 1471 325 patet,
1493 282 1629 326 vturam
1659 279 1670 283 ’“
1711 239 1748 251 N*
1768 242 1774 246 ι

145 338 266 382 nullo
298 338 388 383 fere
414 340 587 394 negotio
616 343 718 385 ante
743 334 911 394 ‘neque'
939 341 1193 386 intercidere
1223 336 1390 396 ‘aquae'
1427 344 1631 400 potuerit.

458 507 607 561 XLIV,
645 511 684 562 5,
718 512 783 551 12.
813 509 920 554 haec
948 511 1127 565 praebet
1154 513 1311 557 codex:

276 629 480 686 ‘degressi
513 633 556 675 in
585 644 756 687 campos
787 633 900 677 inter
932 634 1187 679 Heracleum
1218 640 1263 681 et
1296 638 1525 682 Libethum
1556 652 1630 694 po-

145 708 324 747 suerunt
352 708 495 748 castra
513 706 718 759 peditum,
751 718 931 760 quorum
953 720 1056 761 pars
1077 710 1213 752 maior
1230 711 1417 756 tumulos
1437 712 1631 766 tenebat3

144 778 202 822 ibi
236 780 347 822 valle
378 781 515 835 campi
548 792 717 834 quoque
750 783 887 836 parte,
919 782 992 826 ubi
1013 793 1145 835 eques
1162 783 1371 837 tenderet,
1401 785 1631 838 amplecte-

146 847 303 898 batur.'

281 927 392 971 Loco
444 928 827 971 conclamatissimo
878 928 997 971 vario
1050 929 1175 972 modo
1227 930 1358 973 critici
1408 930 1631 974 subvenire

146 1001 417 1046 studuerunt.
474 1001 666 1043 Primum
694 1003 840 1044 autem
872 1000 1048 1045 offendit
1091 1002 1146 1055 id,
1184 1003 1299 1058 quod
1336 1006 1477 1046 castra
1514 1003 1631 1057 pedi-

145 1078 238 1118 tum
273 1073 507 1127 separatim
535 1073 677 1127 posita
700 1086 794 1117 esse
825 1077 1070 1127 narrantur,
1113 1075 1227 1128 quod
1265 1086 1404 1129 neque
1439 1086 1629 1130 unquam

145 1147 306 1193 factum
338 1151 414 1200 est,
447 1151 490 1192 et
517 1147 553 1191 si
585 1146 719 1201 fieret,
749 1148 913 1201 pedites
937 1151 1081 1193 castra
1102 1149 1295 1203 posuisse
1314 1149 1479 1194 dicendi
1494 1153 1630 1203 erant,

146 1234 230 1265 non
259 1222 467 1276 peditum.
515 1220 606 1264 Hoc
633 1233 730 1264 cum
761 1224 877 1265 recte
909 1222 1182 1277 intellegeret
1210 1221 1450 1277 Madvigius
1478 1234 1631 1266 nomen

142 1287 363 1349 ‘peditum'
391 1297 566 1350 propter
598 1293 833 1338 subiectam
863 1295 1021 1348 equitis
1048 1295 1304 1339 mentionem
1328 1295 1520 1340 additum
1539 1308 1632 1339 esse

145 1370 275 1421 putat
303 1368 356 1411 ab
389 1368 547 1421 aliquo,
578 1368 645 1411 cui
674 1378 757 1410 non
791 1368 897 1411 satis
928 1366 1095 1421 fuisset,
1137 1380 1188 1411 ex
1218 1369 1311 1423 ipsa
1348 1380 1395 1412 re
1428 1368 1630 1423 intellegi,

146 1441 353 1483 maiorem
385 1440 505 1482 illam
535 1442 775 1483 castrorum
803 1443 971 1494 partem
999 1440 1164 1494 pedites
1193 1442 1402 1495 tenuisse3
1444 1444 1633 1485 removet

146 1513 281 1569 igitur
310 1525 333 1556 e
363 1515 567 1558 contextu
596 1512 702 1556 illud
728 1507 963 1568 ‘peditum'.
1019 1513 1162 1567 Atque
1191 1514 1392 1558 Hertzius
1420 1514 1480 1558 ita
1511 1513 1630 1557 Mad-

146 1588 308 1643 vigium
345 1590 517 1632 secutus
549 1589 627 1639 est,
660 1591 710 1630 ut
739 1588 883 1641 potius
912 1599 1057 1645 vocem
1084 1582 1294 1641 ‘quorum'
1316 1587 1433 1630 uncis
1454 1588 1630 1631 circum-

145 1661 405 1705 cludendum
436 1673 529 1704 esse
562 1663 768 1706 censeret.
836 1659 955 1711 Quae
984 1661 1157 1714 quidem
1187 1661 1296 1704 ratio
1326 1661 1461 1704 multo
1492 1661 1631 1703 minus

147 1734 328 1786 adridet,
374 1746 470 1778 cum
514 1734 632 1777 nullo
674 1734 800 1778 modo
839 1733 934 1777 fons
970 1738 1014 1777 et
1056 1734 1175 1788 origo
1214 1734 1314 1778 talis
1353 1733 1631 1778 additamenti

144 1807 439 1862 perspiciatur.
488 1807 757 1860 Quamquam
788 1820 891 1851 sane
914 1807 1227 1851 concedendum
1250 1810 1328 1861 est,
1359 1808 1506 1851 vitium
1533 1807 1631 1851 sub-

145 1893 248 1932 esse,
281 1881 365 1924 alia
395 1884 541 1923 tamen
570 1882 639 1923 via
668 1880 771 1923 illud
803 1882 1119 1925 removendum.
1160 1881 1272 1924 Puto
1304 1881 1415 1924 enim
1444 1880 1631 1933 antiqui-

143 1961 215 2001 tus
243 1958 305 2002 sic
334 1958 542 2010 scriptum
573 1955 730 2000 fuisse:

276 2029 482 2086 ‘degressi
510 2031 554 2072 in
582 2042 754 2085 campos
784 2031 1022 2084 posuerunt
1048 2030 1201 2080 castra,
1232 2027 1497 2082 peditumque
1526 2038 1628 2081 pars

143 2106 281 2150 maior
312 2104 501 2148 tumulos
529 2100 716 2147 tenebat‘
750 2105 832 2145 etc.

278 2178 389 2222 Nam
418 2189 515 2221 cum
544 2178 741 2231 apertum
774 2176 843 2228 sit,
878 2174 1045 2218 diversa
1066 2175 1161 2217 loca
1180 2178 1224 2217 et
1245 2174 1432 2229 peditem
1451 2176 1496 2215 et
1514 2171 1630 2225 equi-

143 2257 232 2297 tem
261 2263 502 2307 occupasse,
534 2251 621 2295 iam
651 2249 941 2295 necessarium
961 2252 1041 2302 est,
1069 2248 1181 2292 hanc
1199 2247 1419 2303 positionis
1429 2246 1629 2291 ‚differen-

143 2328 249 2371 tiam
279 2325 485 2370 orationis
513 2335 683 2379 quoque
711 2323 850 2367 forma
891 2322 1080 2366 indicari.
1154 2322 1349 2365 Iamvero
1382 2320 1455 2363 ubi
1489 2319 1633 2363 Livius

143 2400 264 2453 dixit,
309 2400 479 2443 omnino
510 2399 725 2441 Romanos
756 2400 896 2441 castra
919 2397 1124 2452 potuisse,
1171 2395 1325 2438 transit
1356 2394 1411 2438 ad
1444 2393 1632 2449 singulo-

144 2484 241 2516 rum
271 2482 488 2515 armorum
518 2471 723 2524 gen‘erum
752 2469 983 2524 positiones
1025 2466 1333 2519 describendas,
1382 2477 1467 2519 qua
1502 2465 1543 2507 in
1585 2476 1633 2506 re

143 2545 251 2589 nihil
281 2544 425 2600 aptius
455 2546 523 2588 est
542 2542 756 2599 particula
769 2538 891 2596 ‘que’‚
926 2552 1057 2596 quam
1077 2538 1132 2583 ad
1147 2538 1479 2583 continuandum
1499 2538 1629 2582 histo-

144 2621 257 2664 ricae
286 2618 546 2664 narrationis
576 2621 767 2662 tenorem
800 2616 951 2660 eadem
978 2613 1286 2669 significatione
1311 2617 1442 2668 atque
1462 2610 1520 2657 ‘et
1539 2613 1632 2667 qui-

143 2689 254 2738 dem‘
281 2694 393 2748 poni,
426 2690 619 2736 omnibus
648 2693 797 2735 notum
826 2692 903 2735 est.
961 2689 1093 2733 Recte
1121 2690 1262 2732 autem
1293 2701 1370 2745 per
1398 2683 1634 2731 ἀσύνδετον
