1784 2902
787 93 790 95 ’
854 122 908 169 29·

110 223 112 225 ι
151 224 413 294 sententiam·
443 258 582 301 neque
617 259 725 302 opus
763 247 847 290 erit
883 257 979 290 cum
1023 245 1236 298 Madvigio
1275 240 1424 288 ‘tacita
1463 236 1625 288 haberi’

78 320 81 323 ’
149 320 346 374 scribere,
379 319 455 364 sed
486 319 615 375 paulo
641 319 727 364 iam
757 316 945 363 faciliore
981 317 1150 372 negotio
1192 316 1442 361 scribemus:
1481 313 1625 360 ‘tacita

76 403 79 405 ’
151 391 305 435 habere
320 386 558 436 statuerat'.
603 391 799 435 Ceterum
825 390 956 444 verba
976 386 1036 433 ‘id
1060 384 1166 444 pati³
1183 390 1276 445 ipsa
1299 390 1485 444 produnt
1512 389 1625 442 glos-

146 477 263 510 sema
293 465 348 509 ad
378 464 674 521 explicandum
700 460 850 509 ‘tacita
875 456 1047 508 habere'
1076 462 1350 519 adscriptum.

734 671 882 724 XLIV,
912 674 950 724 2,
984 675 1025 715 4.

277 783 514 833 ‘Praetore'
545 788 609 844 (G.
632 788 808 840 Marcio)
834 784 1023 832 ‘dimisso
1042 782 1200 831 consul'
1228 787 1297 842 (Q.
1314 787 1500 832 Marcius
1523 788 1624 832 Phi·

147 860 304 916 lippus)
320 858 600 905 ‘menstruum
618 861 733 905 iusso
766 861 901 905 milite
930 873 1072 904 secum
1093 860 1205 904 ferre
1227 861 1442 915 profectus
1463 863 1624 906 decimo

145 937 242 988 post
273 935 341 978 die
370 947 498 989 quam
528 935 764 979 exercitum
797 937 1031 989 acceperat,
1061 937 1203 978 castra
1230 927 1389 979 movit?

280 1007 521 1062 Madvigius
553 1020 688 1062 neque
716 1002 1012 1051 ‘menstruum’
1041 1008 1121 1051 dici
1147 1020 1225 1063 pro
1251 1004 1480 1051 ‘frumento
1509 1020 1624 1051 men-

103 1058 107 1062 *
146 1072 291 1122 struo’—
309 1083 352 1122 et
378 1080 481 1122 illud
496 1073 741 1134 ‘profectus'
763 1079 981 1124 abundare
1001 1081 1301 1134 comprobavit.
1344 1080 1530 1124 Inseruit
1544 1081 1622 1136 igi-

144 1154 216 1194 tur
242 1153 340 1205 post
367 1163 513 1195 vocem
541 1145 836 1195 ‘menstruum'
859 1147 1163 1205 ‘frumentum'‚
1197 1153 1347 1196 deinde
1376 1154 1474 1196 eicit
1509 1149 1623 1206 ‘pro-

145 1219 309 1268 fectus'.
340 1224 528 1276 Quorum
546 1227 778 1280 utrumque
794 1238 891 1270 cum
909 1225 1166 1270 temeritatis
1187 1225 1359 1270 crimine
1380 1225 1496 1270 haud
1515 1226 1624 1269 indi-

142 1300 254 1352 geat,
290 1299 429 1342 nescio
460 1311 514 1342 an
545 1299 606 1341 ita
646 1298 789 1353 potius
825 1298 1099 1342 statuendum
1143 1299 1210 1352 sit,
1256 1302 1305 1342 ut
1342 1300 1481 1353 ipsum
1517 1298 1623 1342 illud

139 1365 382 1424 ‘profectus'
409 1374 657 1425 corruptum
687 1383 780 1415 esse
807 1384 860 1415 ex
887 1364 1175 1416 ‘frumentum'
1204 1371 1394 1416 dicamus
1414 1375 1545 1427 atque
1561 1372 1620 1415 sic

141 1442 352 1497 legamus:

274 1513 492 1560 ‘Praetore
521 1516 693 1560 dimisso
722 1518 870 1561 consul
902 1521 1167 1561 menstruum
1186 1518 1299 1562 iusso
1322 1518 1457 1561 milite
1476 1530 1620 1562 secum

142 1588 253 1632 ferre
282 1588 514 1631 frumentun
543 1589 704 1633 decimo
736 1622 907 1632 .....
938 1593 1081 1633 castra
1110 1584 1269 1634 movit'.

732 1805 882 1858 XLIV,
912 1808 950 1857 4,
983 1808 1020 1849 7.

273 1929 431 1976 ‘Tertio
462 1931 529 1975 dle
557 1943 681 1985 egere
711 1930 883 1974 consilio
905 1929 1122 1973 Romanus
1144 1929 1400 1983 imperator:
1431 1941 1529 1973 nam
1545 1942 1617 1973 ne-

141 2015 223 2057 que
256 2016 428 2047 manere
454 2005 497 2047 in
527 2006 627 2059 iugo
658 2003 770 2057 inopi
799 2015 938 2056 neque
962 2002 1132 2058 regredi
1158 2002 1250 2046 sine
1288 2001 1449 2057 flagitio
1489 2006 1618 2056 atque

142 2076 269 2119 etiam
285 2075 487 2129 periculo,
503 2076 716 2120 secedenti
734 2087 786 2118 ex
807 2076 1098 2129 superioribus
1107 2075 1266 2118 instare
1275 2075 1409 2119 hostis
1420 2068 1618 2129 poterat.²

274 2147 430 2191 Mirum
460 2151 525 2192 est
555 2152 645 2192 16111
674 2149 785 2193 nude
814 2148 1001 2203 positum
1027 2144 1084 2191 ‘in
1113 2147 1209 2201 iugo
1236 2140 1378 2202 inopi',
1421 2160 1517 2191 cum
1545 2159 1618 2201 po-

139 2223 224 2267 tius
257 2223 450 2267 additum
478 2222 777 2276 desideremus,
817 2223 1036 2266 cuiusnam
1065 2221 1333 2277 potissimum
1372 2222 1433 2264 rei
1475 2222 1617 2275 11101116

138 2297 286 2351 iugum
317 2296 423 2340 illud
449 2296 721 2340 laboraverit.
741 2295 914 2349 -Itaque
939 2295 1085 2339 nullus
1105 2295 1300 2349 equidem
1324 2295 1483 2348 dubito,
1515 2295 1616 2348 quin

137 2368 282 2413 Livius
311 2369 547 2424 scripserit:

268 2439 377 2485 ‘cum
407 2453 545 2495 neque
575 2453 747 2486 manere
776 2441 820 2484 in
849 2441 950 2495 iugo
978 2441 1095 2495 inopi
1125 2454 1247 2495 aquae
1273 2435 1425 2494 neque'
1451 2444 1531 2484 etc.

271 2514 421 2557 Nescio
460 2517 603 2557 autem
644 2526 699 2557 611
736 2514 827 2569 ipse
866 2514 1000 2557 codex
1041 2514 1266 2568 vestigium
1308 2514 1546 2567 scripturae
1588 2526 1615 2557 a

133 2587 254 2631 nobis
276 2587 502 2630 restitutae
529 2588 776 2631 servaverit.
819 2586 1003 2631 Praebet
1032 2588 1143 2630 enim
1174 2580 1357 2640 ‘inopia',
1391 2587 1536 2631 littera
1558 2583 1616 2630 ‘a’

132 2663 289 2714 puncto
318 2662 477 2712 notata,
511 2672 594 2714 quo
626 2672 720 2704 eam
748 2660 973 2705 delendam
990 2672 1081 2705 esse
1100 2658 1375 2714 significatur.
1417 2658 1615 2705 Ceterum
