1784 2902
847 123 895 163 11

92 266 94 269 v
126 243 249 287 falsis
277 243 426 295 mixta,
467 246 517 285 ut
545 254 646 285 sane
687 241 788 295 quid
827 240 931 284 recti
967 241 1042 284 ille
1077 242 1301 292 monuerit,
1342 242 1442 295 quid
1481 255 1603 286 secus

128 314 345 359 diiudicari
377 313 544 358 debeat.
601 313 687 357 Suo
717 315 863 357 autem
891 313 986 357 iure
1009 312 1080 357 ille
1109 316 1239 367 negat
1266 313 1408 366 verba,
1439 319 1487 356 ut
1515 317 1601 358 tra·

126 389 219 441 dita
246 390 361 439 sunt,
394 389 481 434 ullo
509 387 634 432 modo
663 387 822 431 servari
850 399 987 441 posse.
1048 387 1106 430 At
1137 387 1252 431 idem
1280 399 1377 432 cum
1414 388 1602 432 locorum

128 462 450 516 descriptionem
490 462 717 514 desiderat,
758 461 926 515 egregie
970 460 1145 505 fallitur.
1216 460 1326 504 Nam
1372 473 1423 503 ea
1463 462 1602 505 omnia

127 534 277 587 verbiS,
314 547 425 588 quae
445 534 655 588 »proxime
692 535 950 577 antecedunt
990 534 1028 588 ξ.
1071 537 1109 587 3,
1149 534 1438 577 continentur:
1478 531 1605 578 ‘sicut

126 607 228 650 bina
256 610 397 650 cast-ra
425 606 613 650 hostium
640 618 770 659 parvo
802 608 913 649 inter
942 618 990 649 00
1008 607 1146 660 spatio
1173 607 1378 649 distantia
1397 606 1601 660 viderant,

48 675 55 679 ³
126 680 208 733 ipsi
238 691 406 733 quoque
434 679 549 722 mille
578 677 710 722 ferme
741 690 894 733 passus
934 678 988 722 ab
1030 678 1153 723 hoste
1190 679 1371 722 dictator
1407 679 1601 732 Tusculo,

127 746 281 794 00110111
298 752 487 794 Lanuvio
518 752 757 806 propiorem
785 752 922 794 locum
949 751 1098 794 castris
1125 745 1356 804 ceperunt'.

260 824 453 868 Iamvero
472 827 521 867 ut
540 836 678 867 meam
702 824 753 867 de
772 824 862 867 loco
881 823 1202 878 impeditissimo
1228 823 1482 868 sententiam
1504 837 1600 879 ape·

126 898 247 951 riam,
277 898 318 940 id
347 910 401 940 ex
430 898 453 953 ξ
485 900 523 940 3.
546 898 641 941 luce
675 898 833 941 clarius
861 900 1054 951 apparet,
1087 900 1290 951 quattuor
1306 898 1488 949 omnino,
1519 898 1602 941 duo

128 971 330 1023 hostium,
361 970 443 1012 duo
470 971 758 1013 Romanorum
787 970 917 1013 fuisse
945 974 1101 1021 castra,
1132 972 1339 1022 quattuor
1360 982 1462 1024 ergo
1483 982 1602 1013 exer-

128 1045 249 1087 citus.
296 1043 453 1094 Quodsi
483 1044 636 1086 iterum
670 1047 875 1096 quattuor
901 1042 1030 1086 fuisse
1059 1046 1198 1086 castra
1231 1040 1438 1098 [toditem
1469 1030 1602 1086 muni-

128 1109 302 1170 menta’]
331 1119 707 1159 commemoratum
740 1115 930 1169 legimus,
975 1127 1113 1158 nonne
1140 1116 1232 1158 iure
1256 1118 1398 1158 nostro
1437 1115 1603 1157 Livium

126 1188 393 1231 irridebimus
420 1190 642 1245 tamquam
672 1188 1033 1241 ineptissimarum
1063 1187 1396 1242 tautologiarum
1423 1190 1603 1231 sectato-

127 1261 246 1304 rem?
277 1259 417 1311 Quare
447 1259 642 1314 equidem
671 1259 877 1312 monachi,
909 1260 1047 1303 nescio
1065 1260 1197 1312 cuius,
1229 1259 1424 1313 putidam
1442 1260 1604 1313 sapien-

128 1334 232 1376 tiam
270 1332 595 1386 deprehendisse
635 1332 737 1375 mihi
779 1332 893 1375 visus
929 1332 1059 1375 verba
1095 1329 1285 1375 ‘totidem
1329 1326 1605 1376 munimenta'

127 1405 293 1448 omnino
323 1404 502 1448 delenda
531 1417 623 1449 esse
650 1417 813 1449 censeo.
871 1404 964 1448 Iam
1001 1405 1043 1447 in
1082 1406 1248 1449 ambitu
1281 1404 1505 1449 verborum
1543 1405 1603 1447 ita

126 1477 324 1520 restituto
341 1477 447 1520 nihil
472 1481 547 1530 est,
579 1490 663 1531 quo
691 1478 960 1521 offendantur
988 1479 1190 1531 lectores;
1214 1478 1286 1520 ubi
1314 1479 1351 1529 ξ.
1385 1481 1422 1520 3.
1461 1478 1603 1521 Livius

127 1550 310 1604 regionis
339 1553 551 1605 naturam,
581 1550 624 1594 111
653 1563 739 1604 qua
766 1553 910 1596 castra
935 1550 1019 1594 sint
1036 1549 1190 1605 posita,
1218 1550 1442 1605 descripsit
1457 1563 1603 1595 narra·

126 1623 272 1676 vitque
290 1623 455 1667 duobus
473 1624 659 1667 hostium
675 1624 825 1667 castris
840 1624 1056 1667 Romanos
1082 1624 1221 1667 altera
1238 1625 1320 1667 duo
1340 1625 1602 1678 opposuisse,

127 1696 211 1737 iam
242 1695 348 1737 bene
376 1697 420 1737 et
446 1698 562 1739 recte
600 1696 753 1750 pergit,
790 1697 853 1739 ita
891 1696 1111 1750 planitiem
1152 1700 1357 1749 quattuor
1394 1698 1605 1741 exercitus

127 1767 170 1810 in
199 1767 336 1810 medio
369 1766 569 1812 habuisse
597 1769 652 1811 ad
685 1781 837 1812 manus
868 1770 1147 1812 conserendas
1175 1770 1452 1823 aptissimam.

259 1840 328 1891 At,
349 1840 524 1893 inquies,
552 1841 667 1884 istud
691 1841 1067 1895 interpolationum
1096 1841 1385 1886 rimandarum
1402 1842 1603 1895 studium,

127 1912 240 1966 quod
269 1913 313 1956 in
341 1912 516 1968 tragicis
556 1914 720 1968 graecis
752 1917 842 1958 tam
872 1914 983 1958 latas
1021 1918 1190 1969 strages
1228 1915 1370 1968 edidit,
1410 1917 1514 1958 tune
1551 1915 1605 1958 ad

126 1985 347 2029 historicos
379 1999 547 2039 quoque
576 1988 731 2031 latinos
761 1988 994 2031 transferre
1023 1988 1186 2032 audes?
1229 1988 1438 2044 Relegare
1476 1989 1607 2044 igitur

126 2056 287 2100 iuvabit
314 2058 493 2100 lectores
516 2059 571 2101 ad
587 2059 849 2113 Madvigium
874 2060 1073 2113 (Emend.
1100 2060 1192 2103 Liv.
1222 2073 1263 2113 p.
1298 2064 1361 2102 14.
1393 2061 1503 2116 sqq.)
1534 2061 1606 2113 qui

127 2129 434 2175 demonstravit
463 2130 570 2174 satis
599 2130 720 2185 larga
750 2132 1040 2186 exemplorum
1069 2132 1194 2186 nube,
1222 2132 1264 2175 in
1292 2132 1436 2176 codice
1461 2131 1607 2176 arche-

125 2204 227 2255 typo
256 2200 418 2254 primae
444 2200 613 2244 decadis
642 2203 889 2255 saepissime
918 2203 1194 2245 librariorum
1221 2204 1385 2257 glossas
1418 2206 1473 2247 ad
1512 2217 1605 2247 ora-

126 2274 283 2317 tionem
302 2272 553 2327 explendam
568 2273 873 2317 sententiamve
887 2273 1181 2329 explicandam
1195 2275 1446 2331 adscriptas,
1455 2276 1607 2320 deinde

126 2347 169 2388 in
200 2346 338 2400 ipsum
369 2347 558 2390 ordinem
585 2347 809 2389 verborum
836 2334 1033 2391 detrusas
1049 2360 1154 2391 esse.
1198 2348 1318 2399 Quod
1339 2350 1607 2402 corruptelae

128 2420 262 2474 'genus
289 2419 371 2464 dici
399 2420 469 2464 vix
497 2422 651 2475 potest,
676 2432 804 2475 quam
832 2419 920 2465 late
951 2434 1030 2477 per
1044 2421 1154 2466 hanc
1172 2422 1372 2467 decadem
1390 2423 1605 2477 serpserit.

775 2557 826 2610 v,
859 2561 898 2613 5,
929 2560 967 2602 7.

263 2658 312 2701 In
353 2658 545 2701 oratione
588 2661 668 2712 Ap.
701 2659 884 2713 Claudii,
925 2672 1009 2714 qua
1044 2637 1187 2704 castra
1226 2663 1326 2704 ante
1363 2661 1490 2704 Veios
1532 2673 1608 2714 per
