1784 2902
871 118 925 159 23

284 240 419 285 Dum,
438 241 600 295 priores
628 238 760 284 critici
790 250 936 282 omnes
965 238 1070 282 haec
1101 237 1233 280 verba
1258 239 1480 290 tamquam
1498 238 1642 281 rectis-

162 315 269 357 sima
299 314 613 367 praeterierint,
639 312 879 366 Madvigius
910 310 1198 355 foedissimum
1225 310 1341 363 quod
1370 311 1479 355 latet
1521 312 1641 355 ulcus

161 384 325 431 detexit
354 388 442 431 tam
472 385 598 430 certis
630 383 876 437 rationibus,
920 385 970 431 ut
995 386 1144 427 contra
1173 382 1277 427 nihil
1305 384 1469 428 moneri
1496 387 1640 437 queat.

159 454 278 511 ‘Quis
308 459 418 503 enim
451 452 610 510 nescit²,
654 457 717 499 ait
744 456 811 500 vir
840 455 1154 511 sagacissimus
1192 451 1445 499 ‘lassitudini
1478 448 1640 499 timere'

161 531 276 588 apud
293 532 469 576 Latinos
498 543 596 574 eum
628 533 801 574 tantum
828 528 908 573 dici
938 540 1078 583 posse,
1113 529 1185 582 qui
1216 541 1312 572 cum
1342 528 1639 572 lassitudinem

159 605 399 649 conservari
427 606 543 655 velit,
577 604 737 657 timeat,
770 614 824 645 ne
852 603 955 656 quid
981 614 1032 646 ea
1060 601 1306 645 detrimenti
1338 597 1492 656 capiat,
1524 603 1638 655 quod

159 681 252 759 tam
280 676 501 721 ridiculum
524 680 601 729 est,
633 680 683 720 ut
714 676 819 719 nihil
853 686 944 718 esse
974 674 1110 728 magis
1138 667 1298 728 possit.²
1354 674 1506 728 Itaque
1540 686 1636 717 cum

691 745 896 760 .....

159 824 215 867 sit
233 823 437 875 additum,
466 834 655 865 summus
675 822 846 865 criticus
863 822 1059 864 lacunam
1079 822 1351 865 statuendam
1370 833 1463 865 esse
1480 824 1636 894 censet,

156 895 202 939 in
230 906 316 948 qua
340 886 557 950 ‘pepercit'
587 893 653 937 vel
683 893 818 937 simile
849 892 952 947 quid
981 892 1255 937 interciderit.

291 968 450 1012 Contra
478 967 588 1012 hanc
616 967 868 1011 emendandi
907 967 1116 1012 rationem
1159 967 1202 1010 id
1240 966 1343 1010 mihi
1382 966 1637 1009 monendum

157 1041 337 1092 videtur,
377 1040 505 1084 libros
536 1040 769 1083 deteriores
799 1046 883 1082 non
910 1051 963 1082 ex
993 1040 1083 1093 ipso
1115 1040 1428 1093 Bambergensi,
1471 1040 1546 1084 sed
1584 1052 1636 1082 ex

157 1114 239 1156 alio
268 1113 392 1156 simili
420 1113 561 1156 codice
590 1116 705 1156 ortos
735 1113 789 1155 ad
821 1124 951 1156 unum
981 1124 1126 1156 omnes
1154 1113 1262 1156 illud
1289 1110 1457 1155 ‘timuit'
1482 1125 1636 1167 agnos-

157 1198 261 1240 cere,
295 1188 344 1230 ut
372 1186 456 1229 iam
491 1184 532 1228 in
561 1184 703 1229 codice
736 1185 964 1240 archetypo
993 1184 1124 1230 fuisse
1147 1185 1354 1230 videatur.
1399 1184 1519 1237 Quod
1535 1198 1635 1230 vero

155 1262 284 1305 istam
315 1271 457 1303 vocem
493 1259 818 1312 Bambergensis
859 1260 1041 1313 ignorat,
1086 1260 1129 1303 id
1168 1272 1220 1302 ex
1262 1272 1311 1303 eo
1350 1259 1443 1302 vitii
1481 1271 1635 1313 genere

156 1332 447 1388 explicandum
480 1334 597 1386 put0,
629 1343 713 1387 quo
744 1332 906 1376 nullum
935 1333 979 1375 in
1007 1332 1080 1375 illo
1110 1332 1216 1375 libro
1250 1330 1514 1386 frequentius
1549 1335 1635 1385 est3

155 1407 316 1450 scilicet
346 1399 517 1448 ‘timuit'
546 1409 721 1460 propter
750 1405 908 1449 similes
931 1406 1224 1459 praecedentis
1240 1400 1451 1449 ‘militum’
1466 1406 1634 1448 litteras

153 1479 290 1533 primo
316 1478 608 1532 interlapsum,
638 1483 788 1532 postea
817 1477 988 1522 demum
1017 1478 1208 1523 addItum
1239 1483 1317 1524 est.
1360 1479 1512 1533 Itaque
1539 1491 1635 1523 cum

151 1545 320 1597 ‘timuit’
342 1552 570 1595 tenendum
593 1563 689 1595 esse
707 1556 926 1606 appareat,
958 1552 1040 1595 iam
1060 1553 1102 1595 id
1124 1552 1357 1606 quaeritur,
1377 1565 1477 1596 num
1497 1554 1633 1607 ipsum

153 1625 209 1670 sit
237 1628 485 1680 corruptum
514 1638 568 1669 an
600 1638 778 1680 pravam
799 1626 1123 1671 constructionis
1148 1626 1425 1671 mutationem
1454 1626 1511 1671 sit
1536 1640 1632 1683 pas-

152 1709 259 1741 sum.
319 1700 460 1752 Atque
491 1699 688 1752 equidem
714 1699 924 1743 medelam
961 1699 1299 1754 circumspiciens
1337 1700 1381 1742 in
1421 1700 1530 1742 hanc
1570 1700 1630 1741 in-

152 1769 233 1813 cidi
264 1769 561 1823 coniecturam,
593 1783 677 1823 qua
708 1771 825 1814 locus
854 1772 915 1815 ita
944 1773 1214 1825 restituatur,
1245 1776 1305 1824 ut,
1337 1771 1450 1825 quod
1480 1771 1632 1815 melius

153 1842 220 1896 sit,
249 1841 319 1885 vix
347 1841 667 1887 desideraturus
698 1844 767 1887 sis.
828 1844 941 1899 Lego
975 1845 1108 1888 enim:

282 1912 321 1958 ‘a
349 1916 597 1960 lassitudine
625 1917 809 1962 militum
840 1912 1010 1962 timuit.³

283 1988 544 2044 Praepositio
569 1985 638 2043 ‘a’,
684 1991 755 2033 ubi
784 1994 961 2045 propter
989 1992 1177 2035 litteram
1204 1990 1374 2034 finalem
1404 1985 1459 2035 ‘o’
1488 1993 1631 2045 proxi-

151 2074 247 2104 mae
270 2061 382 2104 vocis
410 2058 652 2115 ‘praesidio'
674 2065 847 2117 interiit,
879 2065 1079 2109 librarius
1094 2058 1384 2117 ‘lassitudine'‚
1415 2064 1528 2120 quod
1546 2065 1631 2107 iam

151 2145 276 2176 sensu
308 2135 492 2187 carebat,
532 2136 575 2179 in
601 2132 865 2180 ‘lassitudini'
900 2138 1162 2191 depravavit,
1205 2139 1519 2182 constructione
1558 2138 1633 2181 illa

152 2205 336 2260 quidem,
364 2209 413 2251 ut
441 2207 503 2251 ita
530 2208 681 2262 dicam,
711 2209 979 2264 latinissima,
1016 2211 1070 2255 ab
1100 2210 1181 2255 hoc
1208 2211 1300 2255 loco
1329 2214 1474 2256 tamen
1502 2223 1629 2265 quam

150 2279 335 2325 maxime
366 2280 518 2325 aliena,

700 2466 910 2521 xxxvn,
940 2470 1008 2522 43,
1039 2471 1078 2523 9,
1130 2535 1136 2539 ι

283 2583 497 2631 ‘Oeterum
520 2585 780 2643 fugientibus
806 2589 941 2633 maior
969 2590 1100 2645 pestis
1127 2590 1385 2635 intermixtis
1413 2591 1628 2645 quadrigis

150 2659 471 2715 elephantisque
511 2663 556 2704 et
596 2662 768 2706 camelis
804 2666 899 2707 erat
936 2666 981 2707 et
1025 2676 1105 2708 sua
1140 2664 1330 2718 ipsorum
1361 2665 1500 2718 turba,
1533 2678 1626 2710 cum
