1784 2902
850 125 902 167 27

128 250 186 292 et
213 224 339 292 0110ῗύ
365 255 461 292 01110
490 248 667 302 110ρο110
697 246 914 299 traditum,
951 247 1036 291 iam
1066 247 1150 290 iam
1188 247 1374 301 primum
1412 247 1527 289 alere
1563 258 1612 290 ac

139 311 281 365 fovere
308 320 503 365 omnibus
528 313 738 365 consiliis.³

272 393 415 438 Verba
439 389 542 437 ‘iam
578 393 663 437 iam
700 386 899 447 primum'
937 391 1124 436 omnium
1163 390 1424 437 confessione
1462 394 1613 436 mendo

140 465 350 510 laborant.
405 466 517 510 Nam
548 465 794 510 adverbium
823 461 925 508 ‘iam
955 462 1052 508 iam*
1080 469 1195 509 recte
1223 466 1479 510 admonente
1494 466 1613 508 Mad-

138 538 250 593 vigio
293 538 405 593 (Em.
447 538 537 582 Liv.
584 550 624 592 p.
668 536 769 591 513)
808 538 1011 592 temporis
1047 536 1182 581 futuri
1223 539 1268 580 et
1305 538 1367 581 rei
1397 538 1615 593 proximae

139 609 487 667 significationem
532 611 681 662 habet,
735 622 814 654 000
855 613 1001 665 potest
1045 611 1128 655 dici
1170 607 1358 654 ‘iamiam
1402 604 1613 665 primum'.

139 683 292 737 Itaque
316 685 365 726 ut
394 683 494 727 huic
522 683 617 726 loco
647 682 855 725 medelam
881 681 1093 734 afferrent,
1126 683 1247 726 varia
1272 684 1352 726 viri
1377 684 1491 725 docti
1520 687 1612 726 ten-

74 768 78 772 ·
140 759 353 810 taverunt,
390 756 502 810 quod
534 768 617 810 quo
646 755 806 800 factum
835 757 890 799 sit
919 769 1118 801 successu
1146 756 1343 811 primum,
1386 757 1421 800 si
1458 758 1611 811 placet,

139 828 373 873 videamus.
428 829 666 872 Gronovius
695 831 739 872 et
767 828 1007 883 Madvigius
1042 825 1265 884 ‘tanquam
1307 823 1506 883 primum³
1541 830 1615 873 vili

140 902 336 958 futilique
373 904 615 946 coniectura
654 904 924 957 scripserunt.
994 903 1062 946 An
1102 915 1225 957 reges
1261 903 1299 946 ei
1334 903 1457 956 bellu,
1501 903 1613 956 quod

139 975 324 1030 primum
353 977 542 1019 omnium
571 978 739 1030 gerunt,
768 975 928 1018 maiore
956 987 1051 1018 cum
1071 987 1173 1018 cura
1192 976 1454 1028 incumbunt,
1487 988 1614 1030 quam

140 1049 213 1100 eis,
242 1060 353 1102 quae
381 1049 577 1103 deinceps
607 1049 872 1103 suscipiunt?
900 1049 999 1092 Iure
1027 1061 1127 1103 ergo
1156 1061 1232 1092 suo
1264 1049 1355 1103 ipse
1375 1048 1616 1104 Madvigius

140 1121 388 1166 dubitanter
417 1123 713 1165 tantummodo
732 1124 811 1166 hoc
830 1123 1047 1165 inventum
1071 1123 1297 1176 protulisse
1316 1121 1419 1164 mihi
1434 1123 1614 1165 videtur.

274 1194 325 1239 A.
354 1195 503 1239 Kochii
534 1208 634 1239 vero
672 1196 914 1239 coniectura
947 1191 1050 1239 ‘iam
1086 1188 1265 1250 pridem’
1301 1195 1522 1240 scribentis
1560 1195 1612 1238 ab

141 1268 313 1313 Hertzio
344 1269 387 1312 in
417 1269 641 1312 verborum
675 1271 919 1313 contextum
964 1271 1136 1323 recepta
1176 1281 1259 1313 non
1302 1269 1442 1314 minus
1484 1282 1612 1325 quam

142 1341 323 1384 Vahleni
357 1337 459 1384 ‘iam
495 1343 723 1395 septimum
754 1337 927 1385 annum'
955 1342 1162 1397 displicet,
1189 1345 1416 1397 propterea
1444 1343 1557 1396 quod
1588 1356 1614 1384 a

140 1413 299 1457 tradita
329 1413 480 1458 codicis
509 1415 689 1459 lectione
718 1415 844 1458 nimis
873 1415 1043 1459 recedit.
1103 1414 1283 1458 Videtur
1311 1417 1457 1458 autem
1497 1416 1614 1459 locus

140 1487 292 1530 altiore
321 1488 504 1540 quodam
533 1487 633 1530 vitio
666 1487 841 1532 affectus
881 1501 987 1541 esse,
1031 1500 1160 1543 quam
1200 1489 1340 1531 adhuc
1379 1488 1459 1531 viri
1503 1489 1614 1532 docti

141 1560 435 1614 opinabantur.
479 1561 639 1603 Notum
670 1562 780 1604 enim
809 1565 887 1613 est,
918 1562 1082 1604 nullum
1113 1560 1202 1604 fere
1229 1561 1498 1615 antiquitatis
1527 1574 1614 1605 mo-

141 1636 392 1676 numentum
439 1636 662 1688 tantopere
702 1634 863 1677 lacunis
903 1634 1188 1678 deformatum
1225 1646 1331 1687 esse,
1370 1646 1499 1687 quam
1538 1635 1615 1678 hos

140 1709 321 1760 quartae
358 1707 528 1751 decadis
571 1706 772 1752 Livianae
815 1707 956 1753 libros.
1023 1708 1380 1762 Unamquamque
1419 1708 1616 1752 editionis

140 1779 397 1824 Hertzianae
423 1781 624 1836 paginam
659 1782 850 1826 revolve:
887 1783 1044 1836 ubique
1079 1795 1221 1835 uncos,
1267 1783 1446 1826 lacunae
1480 1782 1615 1837 signa,

142 1852 318 1896 videbis.
361 1854 513 1906 Itaque
542 1866 637 1897 cum
666 1854 710 1897 in
738 1857 827 1898 tam
856 1859 1056 1910 corrupta
1086 1855 1243 1899 decade
1262 1856 1392 1910 paulo
1411 1855 1616 1899 audacius

141 1925 266 1970 liceat
294 1927 556 1971 coniecturas
585 1926 755 1982 fingere,
785 1928 865 1972 1100
894 1940 975 1984 ego
1008 1928 1275 1972 scribendum
1303 1939 1556 1984 proponam:

230 2015 232 2017 ·
271 1994 433 2052 ‘itaque
461 1999 624 2043 Persea
649 1999 956 2044 hereditarium
994 2013 1020 2043 a
1056 2003 1180 2055 patre
1217 2001 1415 2045 relictum
1455 2001 1614 2044 bellum

141 2073 185 2113 et
226 2070 351 2114 simul
388 2084 486 2115 cum
523 2072 701 2127 imperio
741 2072 949 2116 traditum
989 2072 1076 2116 iam
1118 2085 1229 2126 qun
1265 2074 1450 2129 primum
1488 2073 1524 2115 P.
1570 2073 1614 2117 Ι.
1673 2102 1679 2110 ·

142 2142 217 2194 (=
249 2144 407 2198 populo
447 2143 655 2200 Romano)
699 2145 940 2188 inferendu-
983 2146 1096 2190 alere
1139 2158 1189 2190 ac
1229 2145 1374 2190 fovere
1421 2146 1615 2190 omnibus

141 2209 349 2261 consiliis'.

723 2389 852 2445 XLII,
887 2393 950 2445 12,
989 2395 1024 2435 1.

270 2512 398 2559 ‘Nam
432 2513 547 2569 apud
574 2514 779 2560 Graeciae
807 2517 939 2568 atque
967 2515 1097 2560 Asiae
1113 2515 1306 2560 civitates
1327 2515 1465 2560 vereri
1485 2516 1614 2559 maie-

140 2592 297 2634 statem
329 2588 418 2632 eius
447 2581 620 2631 omnes.²

273 2661 441 2705 Primus
466 2660 839 2706 Drakenborchius
863 2661 1082 2717 perspexit
1103 2660 1455 2715 praepositionem
1469 2654 1614 2716 ‘apud'
