<?xml version="1.0" encoding="UTF-8"?>
<!DOCTYPE html PUBLIC "-//W3C//DTD XHTML 1.0 Transitional//EN"
    "http://www.w3.org/TR/xhtml1/DTD/xhtml1-transitional.dtd">
<html xmlns="http://www.w3.org/1999/xhtml" xml:lang="en" lang="en">
 <head>
  <title>
</title>
<meta http-equiv="Content-Type" content="text/html;charset=utf-8" />
  <meta name='ocr-system' content='tesseract 3.04.00' />
  <meta name='ocr-capabilities' content='ocr_page ocr_carea ocr_par ocr_line ocrx_word'/>
</head>
<body>
  <div class='ocr_page' id='page_1' title='image "./4738034_0010.png"; bbox 0 0 1784 2902; ppageno 0'>
   <div class='ocr_carea' id='block_1_1' title="bbox 0 0 297 139">
    <p class='ocr_par' dir='ltr' id='par_1_1' title="bbox 0 0 297 139">
     <span class='ocr_line' id='line_1_1' title="bbox 0 0 297 139; baseline 0 2763"><span class='ocrx_word' id='word_1_1' title='bbox 0 0 297 139; x_wconf 95' lang='lat' dir='ltr'><strong> </strong></span> 
     </span>
    </p>
   </div>
   <div class='ocr_carea' id='block_1_2' title="bbox 142 707 1629 2722">
    <p class='ocr_par' dir='ltr' id='par_1_2' title="bbox 145 707 1624 1197">
     <span class='ocr_line' id='line_1_2' title="bbox 279 707 1621 765; baseline -0.004 -10"><span class='ocrx_word' id='word_1_2' title='bbox 279 711 385 755; x_wconf 84' lang='lat' dir='ltr'><strong>Cum</strong></span> <span class='ocrx_word' id='word_1_3' title='bbox 412 712 499 754; x_wconf 89' lang='lat' dir='ltr'><strong>iam</strong></span> <span class='ocrx_word' id='word_1_4' title='bbox 526 712 625 754; x_wconf 87' lang='lat' dir='ltr'><strong>inde</strong></span> <span class='ocrx_word' id='word_1_5' title='bbox 652 724 679 755; x_wconf 88' lang='lat' dir='ltr'><strong>a</strong></span> <span class='ocrx_word' id='word_1_6' title='bbox 707 722 840 765; x_wconf 89' lang='lat' dir='ltr'><strong>puero</strong></span> <span class='ocrx_word' id='word_1_7' title='bbox 864 712 1037 764; x_wconf 86' lang='lat' dir='ltr'><strong>praeter</strong></span> <span class='ocrx_word' id='word_1_8' title='bbox 1055 711 1221 752; x_wconf 86' lang='lat' dir='ltr'><strong>ceteros</strong></span> <span class='ocrx_word' id='word_1_9' title='bbox 1245 707 1402 750; x_wconf 85' lang='lat' dir='ltr'><strong>latinos</strong></span> <span class='ocrx_word' id='word_1_10' title='bbox 1428 718 1621 761; x_wconf 85' lang='lat' dir='ltr'><strong>graecos-</strong></span> 
     </span>
     <span class='ocr_line' id='line_1_3' title="bbox 145 778 1623 839; baseline -0.004 -12"><span class='ocrx_word' id='word_1_11' title='bbox 145 794 230 838; x_wconf 81' lang='lat' dir='ltr'><strong>que</strong></span> <span class='ocrx_word' id='word_1_12' title='bbox 259 784 501 839; x_wconf 77' lang='lat' dir='ltr'>scriptores,</span> <span class='ocrx_word' id='word_1_13' title='bbox 536 783 691 837; x_wconf 90' lang='lat' dir='ltr'><strong>quibus</strong></span> <span class='ocrx_word' id='word_1_14' title='bbox 721 785 840 827; x_wconf 89' lang='lat' dir='ltr'><strong>aetas</strong></span> <span class='ocrx_word' id='word_1_15' title='bbox 875 781 1050 836; x_wconf 90' lang='lat' dir='ltr'><strong>puerilis</strong></span> <span class='ocrx_word' id='word_1_16' title='bbox 1089 779 1258 823; x_wconf 90' lang='lat' dir='ltr'><strong>institui</strong></span> <span class='ocrx_word' id='word_1_17' title='bbox 1295 778 1416 833; x_wconf 88' lang='lat' dir='ltr'><strong>solet,</strong></span> <span class='ocrx_word' id='word_1_18' title='bbox 1453 778 1623 822; x_wconf 84' lang='lat' dir='ltr'><strong>Livium</strong></span> 
     </span>
     <span class='ocr_line' id='line_1_4' title="bbox 145 846 1623 908; baseline -0.003 -10"><span class='ocrx_word' id='word_1_19' title='bbox 145 867 242 899; x_wconf 91' lang='lat' dir='ltr'><strong>cum</strong></span> <span class='ocrx_word' id='word_1_20' title='bbox 270 856 456 905; x_wconf 78' lang='lat' dir='ltr'><strong>maxime</strong></span> <span class='ocrx_word' id='word_1_21' title='bbox 484 855 753 898; x_wconf 82' lang='lat' dir='ltr'><strong>adamassem</strong></span> <span class='ocrx_word' id='word_1_22' title='bbox 784 846 1211 908; x_wconf 68' lang='lat' dir='ltr'><strong>eiusque‘lectitandi</strong></span> <span class='ocrx_word' id='word_1_23' title='bbox 1237 864 1287 895; x_wconf 87' lang='lat' dir='ltr'><strong>ac</strong></span> <span class='ocrx_word' id='word_1_24' title='bbox 1312 852 1485 906; x_wconf 86' lang='lat' dir='ltr'><strong>penitus</strong></span> <span class='ocrx_word' id='word_1_25' title='bbox 1516 850 1623 893; x_wconf 90' lang='lat' dir='ltr'><strong>hau-</strong></span> 
     </span>
     <span class='ocr_line' id='line_1_5' title="bbox 145 923 1624 979; baseline -0.003 -9"><span class='ocrx_word' id='word_1_26' title='bbox 145 927 281 970; x_wconf 90' lang='lat' dir='ltr'><strong>riendi</strong></span> <span class='ocrx_word' id='word_1_27' title='bbox 309 927 604 970; x_wconf 87' lang='lat' dir='ltr'><strong>ardentissimo</strong></span> <span class='ocrx_word' id='word_1_28' title='bbox 634 926 818 979; x_wconf 87' lang='lat' dir='ltr'><strong>quodam</strong></span> <span class='ocrx_word' id='word_1_29' title='bbox 859 925 999 969; x_wconf 89' lang='lat' dir='ltr'><strong>studio</strong></span> <span class='ocrx_word' id='word_1_30' title='bbox 1040 928 1220 975; x_wconf 90' lang='lat' dir='ltr'><strong>tenerer,</strong></span> <span class='ocrx_word' id='word_1_31' title='bbox 1258 923 1422 968; x_wconf 85' lang='lat' dir='ltr'><strong>factum</strong></span> <span class='ocrx_word' id='word_1_32' title='bbox 1455 926 1534 976; x_wconf 84' lang='lat' dir='ltr'><strong>est,</strong></span> <span class='ocrx_word' id='word_1_33' title='bbox 1572 924 1624 965; x_wconf 88' lang='lat' dir='ltr'><strong>ut</strong></span> 
     </span>
     <span class='ocr_line' id='line_1_6' title="bbox 146 995 1623 1054; baseline -0.003 -12"><span class='ocrx_word' id='word_1_34' title='bbox 146 1012 199 1042; x_wconf 90' lang='lat' dir='ltr'><strong>ne</strong></span> <span class='ocrx_word' id='word_1_35' title='bbox 225 1011 301 1054; x_wconf 88' lang='lat' dir='ltr'><strong>per</strong></span> <span class='ocrx_word' id='word_1_36' title='bbox 328 999 371 1041; x_wconf 90' lang='lat' dir='ltr'><strong>id</strong></span> <span class='ocrx_word' id='word_1_37' title='bbox 407 999 578 1052; x_wconf 86' lang='lat' dir='ltr'><strong>quidem</strong></span> <span class='ocrx_word' id='word_1_38' title='bbox 616 1002 798 1052; x_wconf 88' lang='lat' dir='ltr'><strong>tempus,</strong></span> <span class='ocrx_word' id='word_1_39' title='bbox 841 1009 924 1050; x_wconf 90' lang='lat' dir='ltr'><strong>quo</strong></span> <span class='ocrx_word' id='word_1_40' title='bbox 959 997 1133 1039; x_wconf 90' lang='lat' dir='ltr'><strong>Bonnae</strong></span> <span class='ocrx_word' id='word_1_41' title='bbox 1170 996 1321 1039; x_wconf 88' lang='lat' dir='ltr'><strong>studiis</strong></span> <span class='ocrx_word' id='word_1_42' title='bbox 1356 995 1623 1049; x_wconf 82' lang='lat' dir='ltr'><strong>philologieis</strong></span> 
     </span>
     <span class='ocr_line' id='line_1_7' title="bbox 146 1065 1624 1125; baseline -0.003 -12"><span class='ocrx_word' id='word_1_43' title='bbox 146 1083 319 1125; x_wconf 84' lang='lat' dir='ltr'><strong>operam</strong></span> <span class='ocrx_word' id='word_1_44' title='bbox 346 1070 453 1122; x_wconf 89' lang='lat' dir='ltr'><strong>dedi,</strong></span> <span class='ocrx_word' id='word_1_45' title='bbox 483 1082 670 1123; x_wconf 90' lang='lat' dir='ltr'><strong>unquam</strong></span> <span class='ocrx_word' id='word_1_46' title='bbox 700 1083 796 1113; x_wconf 90' lang='lat' dir='ltr'><strong>eum</strong></span> <span class='ocrx_word' id='word_1_47' title='bbox 820 1080 925 1124; x_wconf 88' lang='lat' dir='ltr'><strong>prae</strong></span> <span class='ocrx_word' id='word_1_48' title='bbox 944 1066 1210 1123; x_wconf 84' lang='lat' dir='ltr'><strong>gravioribus</strong></span> <span class='ocrx_word' id='word_1_49' title='bbox 1228 1067 1379 1112; x_wconf 89' lang='lat' dir='ltr'><strong>studiis</strong></span> <span class='ocrx_word' id='word_1_50' title='bbox 1398 1066 1467 1111; x_wconf 83' lang='lat' dir='ltr'><strong>vel</strong></span> <span class='ocrx_word' id='word_1_51' title='bbox 1486 1065 1624 1110; x_wconf 89' lang='lat' dir='ltr'><strong>necle-</strong></span> 
     </span>
     <span class='ocr_line' id='line_1_8' title="bbox 146 1141 1016 1197; baseline -0.005 -11"><span class='ocrx_word' id='word_1_52' title='bbox 146 1154 289 1197; x_wconf 88' lang='lat' dir='ltr'><strong>gerem</strong></span> <span class='ocrx_word' id='word_1_53' title='bbox 317 1142 386 1184; x_wconf 89' lang='lat' dir='ltr'><strong>vel</strong></span> <span class='ocrx_word' id='word_1_54' title='bbox 412 1142 582 1185; x_wconf 88' lang='lat' dir='ltr'><strong>omnino</strong></span> <span class='ocrx_word' id='word_1_55' title='bbox 612 1142 788 1184; x_wconf 84' lang='lat' dir='ltr'><strong>exulare</strong></span> <span class='ocrx_word' id='word_1_56' title='bbox 814 1141 1016 1183; x_wconf 87' lang='lat' dir='ltr'><strong>iuberem.</strong></span> 
     </span>
    </p>

    <p class='ocr_par' dir='ltr' id='par_1_3' title="bbox 146 1202 1625 1773">
     <span class='ocr_line' id='line_1_9' title="bbox 278 1202 1624 1268; baseline -0.001 -12"><span class='ocrx_word' id='word_1_57' title='bbox 278 1202 412 1257; x_wconf 85' lang='lat' dir='ltr'><strong>Immo</strong></span> <span class='ocrx_word' id='word_1_58' title='bbox 440 1215 475 1257; x_wconf 90' lang='lat' dir='ltr'><strong>si</strong></span> <span class='ocrx_word' id='word_1_59' title='bbox 506 1213 674 1268; x_wconf 87' lang='lat' dir='ltr'><strong>quando</strong></span> <span class='ocrx_word' id='word_1_60' title='bbox 699 1213 866 1257; x_wconf 88' lang='lat' dir='ltr'><strong>animus</strong></span> <span class='ocrx_word' id='word_1_61' title='bbox 896 1211 1176 1256; x_wconf 91' lang='lat' dir='ltr'><strong>difficiliorum</strong></span> <span class='ocrx_word' id='word_1_62' title='bbox 1204 1225 1348 1256; x_wconf 92' lang='lat' dir='ltr'><strong>rerum</strong></span> <span class='ocrx_word' id='word_1_63' title='bbox 1368 1211 1624 1255; x_wconf 81' lang='lat' dir='ltr'><strong>tractatione</strong></span> 
     </span>
     <span class='ocr_line' id='line_1_10' title="bbox 147 1283 1623 1338; baseline -0.003 -9"><span class='ocrx_word' id='word_1_64' title='bbox 147 1283 337 1330; x_wconf 83' lang='lat' dir='ltr'><strong>defessus</strong></span> <span class='ocrx_word' id='word_1_65' title='bbox 357 1287 631 1337; x_wconf 86' lang='lat' dir='ltr'><strong>desideraret,</strong></span> <span class='ocrx_word' id='word_1_66' title='bbox 653 1297 736 1338; x_wconf 89' lang='lat' dir='ltr'><strong>quo</strong></span> <span class='ocrx_word' id='word_1_67' title='bbox 769 1297 816 1328; x_wconf 90' lang='lat' dir='ltr'><strong>se</strong></span> <span class='ocrx_word' id='word_1_68' title='bbox 842 1284 1075 1328; x_wconf 88' lang='lat' dir='ltr'><strong>oblectaret</strong></span> <span class='ocrx_word' id='word_1_69' title='bbox 1093 1288 1221 1338; x_wconf 92' lang='lat' dir='ltr'><strong>atque</strong></span> <span class='ocrx_word' id='word_1_70' title='bbox 1241 1283 1443 1337; x_wconf 88' lang='lat' dir='ltr'><strong>reficeret,</strong></span> <span class='ocrx_word' id='word_1_71' title='bbox 1465 1283 1623 1338; x_wconf 86' lang='lat' dir='ltr'><strong>sumpsi</strong></span> 
     </span>
     <span class='ocr_line' id='line_1_11' title="bbox 147 1349 1622 1410; baseline -0.002 -9"><span class='ocrx_word' id='word_1_72' title='bbox 147 1360 200 1401; x_wconf 88' lang='lat' dir='ltr'><strong>ad</strong></span> <span class='ocrx_word' id='word_1_73' title='bbox 228 1372 381 1402; x_wconf 90' lang='lat' dir='ltr'><strong>manus</strong></span> <span class='ocrx_word' id='word_1_74' title='bbox 408 1359 706 1402; x_wconf 85' lang='lat' dir='ltr'><strong>suavissimum</strong></span> <span class='ocrx_word' id='word_1_75' title='bbox 742 1358 864 1400; x_wconf 91' lang='lat' dir='ltr'><strong>illum</strong></span> <span class='ocrx_word' id='word_1_76' title='bbox 903 1349 1248 1410; x_wconf 82' lang='lat' dir='ltr'><strong>uberrimumque</strong></span> <span class='ocrx_word' id='word_1_77' title='bbox 1290 1371 1433 1402; x_wconf 90' lang='lat' dir='ltr'><strong>rerum</strong></span> <span class='ocrx_word' id='word_1_78' title='bbox 1471 1356 1622 1400; x_wconf 89' lang='lat' dir='ltr'><strong>Roma-</strong></span> 
     </span>
     <span class='ocr_line' id='line_1_12' title="bbox 147 1427 1623 1471; baseline 0 -1"><span class='ocrx_word' id='word_1_79' title='bbox 147 1440 298 1471; x_wconf 89' lang='lat' dir='ltr'><strong>narum</strong></span> <span class='ocrx_word' id='word_1_80' title='bbox 328 1431 629 1470; x_wconf 84' lang='lat' dir='ltr'><strong>enarratorem.</strong></span> <span class='ocrx_word' id='word_1_81' title='bbox 670 1427 762 1469; x_wconf 91' lang='lat' dir='ltr'><strong>Hoc</strong></span> <span class='ocrx_word' id='word_1_82' title='bbox 792 1430 935 1469; x_wconf 86' lang='lat' dir='ltr'><strong>autem</strong></span> <span class='ocrx_word' id='word_1_83' title='bbox 967 1427 1212 1470; x_wconf 90' lang='lat' dir='ltr'><strong>continuum</strong></span> <span class='ocrx_word' id='word_1_84' title='bbox 1240 1441 1335 1471; x_wconf 86' lang='lat' dir='ltr'><strong>cum</strong></span> <span class='ocrx_word' id='word_1_85' title='bbox 1363 1427 1482 1470; x_wconf 87' lang='lat' dir='ltr'><strong>Livio</strong></span> <span class='ocrx_word' id='word_1_86' title='bbox 1512 1438 1623 1470; x_wconf 93' lang='lat' dir='ltr'><strong>com-</strong></span> 
     </span>
     <span class='ocr_line' id='line_1_13' title="bbox 149 1500 1625 1555; baseline 0 -12"><span class='ocrx_word' id='word_1_87' title='bbox 149 1501 348 1543; x_wconf 86' lang='lat' dir='ltr'><strong>mercium</strong></span> <span class='ocrx_word' id='word_1_88' title='bbox 380 1504 423 1544; x_wconf 91' lang='lat' dir='ltr'><strong>et</strong></span> <span class='ocrx_word' id='word_1_89' title='bbox 453 1500 555 1544; x_wconf 91' lang='lat' dir='ltr'><strong>mihi</strong></span> <span class='ocrx_word' id='word_1_90' title='bbox 581 1501 664 1555; x_wconf 88' lang='lat' dir='ltr'><strong>ipsi</strong></span> <span class='ocrx_word' id='word_1_91' title='bbox 692 1501 758 1543; x_wconf 87' lang='lat' dir='ltr'><strong>vel</strong></span> <span class='ocrx_word' id='word_1_92' title='bbox 788 1501 843 1543; x_wconf 89' lang='lat' dir='ltr'><strong>ad</strong></span> <span class='ocrx_word' id='word_1_93' title='bbox 868 1500 1074 1544; x_wconf 85' lang='lat' dir='ltr'><strong>sermonis</strong></span> <span class='ocrx_word' id='word_1_94' title='bbox 1103 1500 1226 1543; x_wconf 88' lang='lat' dir='ltr'><strong>latini</strong></span> <span class='ocrx_word' id='word_1_95' title='bbox 1244 1512 1417 1544; x_wconf 87' lang='lat' dir='ltr'><strong>normas</strong></span> <span class='ocrx_word' id='word_1_96' title='bbox 1432 1500 1625 1554; x_wconf 86' lang='lat' dir='ltr'><strong>regulas-</strong></span> 
     </span>
     <span class='ocr_line' id='line_1_14' title="bbox 146 1572 1625 1627; baseline -0.001 -11"><span class='ocrx_word' id='word_1_97' title='bbox 146 1584 229 1626; x_wconf 89' lang='lat' dir='ltr'><strong>que</strong></span> <span class='ocrx_word' id='word_1_98' title='bbox 258 1573 572 1627; x_wconf 87' lang='lat' dir='ltr'><strong>cognoscendas</strong></span> <span class='ocrx_word' id='word_1_99' title='bbox 600 1574 670 1616; x_wconf 87' lang='lat' dir='ltr'><strong>vel</strong></span> <span class='ocrx_word' id='word_1_100' title='bbox 700 1572 755 1615; x_wconf 90' lang='lat' dir='ltr'><strong>ad</strong></span> <span class='ocrx_word' id='word_1_101' title='bbox 783 1572 1053 1627; x_wconf 83' lang='lat' dir='ltr'><strong>antiquitatis</strong></span> <span class='ocrx_word' id='word_1_102' title='bbox 1081 1573 1371 1626; x_wconf 86' lang='lat' dir='ltr'><strong>historiaeque</strong></span> <span class='ocrx_word' id='word_1_103' title='bbox 1406 1572 1625 1616; x_wconf 87' lang='lat' dir='ltr'><strong>Romanae</strong></span> 
     </span>
     <span class='ocr_line' id='line_1_15' title="bbox 147 1645 1624 1700; baseline 0 -12"><span class='ocrx_word' id='word_1_104' title='bbox 147 1649 391 1690; x_wconf 82' lang='lat' dir='ltr'><strong>accuratam</strong></span> <span class='ocrx_word' id='word_1_105' title='bbox 417 1645 630 1699; x_wconf 85' lang='lat' dir='ltr'><strong>quandam</strong></span> <span class='ocrx_word' id='word_1_106' title='bbox 658 1645 853 1688; x_wconf 89' lang='lat' dir='ltr'><strong>notitiam</strong></span> <span class='ocrx_word' id='word_1_107' title='bbox 880 1645 1194 1700; x_wconf 85' lang='lat' dir='ltr'><strong>percipiendam</strong></span> <span class='ocrx_word' id='word_1_108' title='bbox 1221 1645 1373 1688; x_wconf 92' lang='lat' dir='ltr'><strong>mirum</strong></span> <span class='ocrx_word' id='word_1_109' title='bbox 1415 1649 1624 1699; x_wconf 91' lang='lat' dir='ltr'><strong>quantum</strong></span> 
     </span>
     <span class='ocr_line' id='line_1_16' title="bbox 146 1706 1002 1773; baseline 0.001 -13"><span class='ocrx_word' id='word_1_110' title='bbox 146 1717 306 1773; x_wconf 85' lang='lat' dir='ltr'><strong>profuit</strong></span> <span class='ocrx_word' id='word_1_111' title='bbox 335 1729 470 1772; x_wconf 91' lang='lat' dir='ltr'><strong>neque</strong></span> <span class='ocrx_word' id='word_1_112' title='bbox 498 1718 694 1773; x_wconf 88' lang='lat' dir='ltr'><strong>scriptori</strong></span> <span class='ocrx_word' id='word_1_113' title='bbox 720 1720 826 1773; x_wconf 93' lang='lat' dir='ltr'><strong>puto</strong></span> <span class='ocrx_word' id='word_1_114' title='bbox 854 1706 1002 1761; x_wconf 86' lang='lat' dir='ltr'><strong>obfuit.</strong></span> 
     </span>
    </p>

    <p class='ocr_par' dir='ltr' id='par_1_4' title="bbox 142 1790 1629 2722">
     <span class='ocr_line' id='line_1_17' title="bbox 282 1790 1625 1846; baseline 0.001 -12"><span class='ocrx_word' id='word_1_115' title='bbox 282 1792 393 1834; x_wconf 90' lang='lat' dir='ltr'><strong>Nam</strong></span> <span class='ocrx_word' id='word_1_116' title='bbox 422 1794 472 1834; x_wconf 93' lang='lat' dir='ltr'><strong>ut</strong></span> <span class='ocrx_word' id='word_1_117' title='bbox 499 1790 587 1835; x_wconf 86' lang='lat' dir='ltr'><strong>fere</strong></span> <span class='ocrx_word' id='word_1_118' title='bbox 616 1791 667 1834; x_wconf 92' lang='lat' dir='ltr'><strong>fit</strong></span> <span class='ocrx_word' id='word_1_119' title='bbox 695 1792 737 1833; x_wconf 89' lang='lat' dir='ltr'><strong>in</strong></span> <span class='ocrx_word' id='word_1_120' title='bbox 767 1791 1000 1835; x_wconf 89' lang='lat' dir='ltr'><strong>cottidiana</strong></span> <span class='ocrx_word' id='word_1_121' title='bbox 1025 1797 1194 1845; x_wconf 86' lang='lat' dir='ltr'><strong>quoque</strong></span> <span class='ocrx_word' id='word_1_122' title='bbox 1225 1792 1328 1843; x_wconf 86' lang='lat' dir='ltr'><strong>vita,</strong></span> <span class='ocrx_word' id='word_1_123' title='bbox 1370 1795 1421 1834; x_wconf 92' lang='lat' dir='ltr'><strong>ut</strong></span> <span class='ocrx_word' id='word_1_124' title='bbox 1452 1792 1487 1834; x_wconf 89' lang='lat' dir='ltr'><strong>si</strong></span> <span class='ocrx_word' id='word_1_125' title='bbox 1519 1804 1625 1846; x_wconf 87' lang='lat' dir='ltr'><strong>quos</strong></span> 
     </span>
     <span class='ocr_line' id='line_1_18' title="bbox 147 1863 1625 1918; baseline 0.001 -12"><span class='ocrx_word' id='word_1_126' title='bbox 147 1864 190 1906; x_wconf 91' lang='lat' dir='ltr'><strong>in</strong></span> <span class='ocrx_word' id='word_1_127' title='bbox 219 1863 377 1907; x_wconf 88' lang='lat' dir='ltr'><strong>deliciis</strong></span> <span class='ocrx_word' id='word_1_128' title='bbox 407 1868 538 1918; x_wconf 87' lang='lat' dir='ltr'><strong>atque</strong></span> <span class='ocrx_word' id='word_1_129' title='bbox 565 1876 709 1907; x_wconf 89' lang='lat' dir='ltr'><strong>amore</strong></span> <span class='ocrx_word' id='word_1_130' title='bbox 732 1863 951 1915; x_wconf 85' lang='lat' dir='ltr'><strong>habemus,</strong></span> <span class='ocrx_word' id='word_1_131' title='bbox 987 1863 1128 1906; x_wconf 90' lang='lat' dir='ltr'><strong>omnia</strong></span> <span class='ocrx_word' id='word_1_132' title='bbox 1149 1864 1217 1907; x_wconf 89' lang='lat' dir='ltr'><strong>vel</strong></span> <span class='ocrx_word' id='word_1_133' title='bbox 1237 1865 1411 1907; x_wconf 90' lang='lat' dir='ltr'><strong>minima</strong></span> <span class='ocrx_word' id='word_1_134' title='bbox 1431 1876 1625 1918; x_wconf 85' lang='lat' dir='ltr'><strong>quaeque</strong></span> 
     </span>
     <span class='ocr_line' id='line_1_19' title="bbox 147 1937 1625 1992; baseline 0.001 -13"><span class='ocrx_word' id='word_1_135' title='bbox 147 1937 202 1980; x_wconf 88' lang='lat' dir='ltr'><strong>ad</strong></span> <span class='ocrx_word' id='word_1_136' title='bbox 233 1950 305 1981; x_wconf 88' lang='lat' dir='ltr'><strong>eos</strong></span> <span class='ocrx_word' id='word_1_137' title='bbox 336 1938 591 1992; x_wconf 88' lang='lat' dir='ltr'><strong>pertinentia</strong></span> <span class='ocrx_word' id='word_1_138' title='bbox 629 1950 754 1981; x_wconf 90' lang='lat' dir='ltr'><strong>nosse</strong></span> <span class='ocrx_word' id='word_1_139' title='bbox 783 1937 1029 1991; x_wconf 85' lang='lat' dir='ltr'><strong>gestiamus,</strong></span> <span class='ocrx_word' id='word_1_140' title='bbox 1066 1937 1128 1979; x_wconf 87' lang='lat' dir='ltr'><strong>ita</strong></span> <span class='ocrx_word' id='word_1_141' title='bbox 1159 1949 1327 1990; x_wconf 89' lang='lat' dir='ltr'><strong>quoque</strong></span> <span class='ocrx_word' id='word_1_142' title='bbox 1364 1950 1493 1981; x_wconf 84' lang='lat' dir='ltr'><strong>curae</strong></span> <span class='ocrx_word' id='word_1_143' title='bbox 1521 1938 1625 1981; x_wconf 89' lang='lat' dir='ltr'><strong>mihi</strong></span> 
     </span>
     <span class='ocr_line' id='line_1_20' title="bbox 145 2008 1624 2063; baseline 0.002 -12"><span class='ocrx_word' id='word_1_144' title='bbox 145 2008 226 2052; x_wconf 87' lang='lat' dir='ltr'><strong>fuit</strong></span> <span class='ocrx_word' id='word_1_145' title='bbox 244 2022 296 2052; x_wconf 89' lang='lat' dir='ltr'><strong>ea</strong></span> <span class='ocrx_word' id='word_1_146' title='bbox 314 2021 424 2062; x_wconf 89' lang='lat' dir='ltr'><strong>quae</strong></span> <span class='ocrx_word' id='word_1_147' title='bbox 442 2010 580 2053; x_wconf 91' lang='lat' dir='ltr'><strong>adhuc</strong></span> <span class='ocrx_word' id='word_1_148' title='bbox 600 2010 655 2053; x_wconf 92' lang='lat' dir='ltr'><strong>ad</strong></span> <span class='ocrx_word' id='word_1_149' title='bbox 674 2010 839 2053; x_wconf 83' lang='lat' dir='ltr'><strong>Livium</strong></span> <span class='ocrx_word' id='word_1_150' title='bbox 855 2010 924 2054; x_wconf 86' lang='lat' dir='ltr'><strong>vel</strong></span> <span class='ocrx_word' id='word_1_151' title='bbox 943 2010 1238 2063; x_wconf 83' lang='lat' dir='ltr'><strong>explicandum</strong></span> <span class='ocrx_word' id='word_1_152' title='bbox 1257 2011 1321 2054; x_wconf 91' lang='lat' dir='ltr'><strong>vel</strong></span> <span class='ocrx_word' id='word_1_153' title='bbox 1340 2011 1624 2054; x_wconf 87' lang='lat' dir='ltr'><strong>enarrandum</strong></span> 
     </span>
     <span class='ocr_line' id='line_1_21' title="bbox 146 2080 1626 2138; baseline 0.002 -16"><span class='ocrx_word' id='word_1_154' title='bbox 146 2080 314 2134; x_wconf 89' lang='lat' dir='ltr'><strong>prolata</strong></span> <span class='ocrx_word' id='word_1_155' title='bbox 342 2085 476 2133; x_wconf 86' lang='lat' dir='ltr'><strong>erant,</strong></span> <span class='ocrx_word' id='word_1_156' title='bbox 508 2082 649 2135; x_wconf 87' lang='lat' dir='ltr'><strong>quoad</strong></span> <span class='ocrx_word' id='word_1_157' title='bbox 678 2083 768 2125; x_wconf 82' lang='lat' dir='ltr'><strong>elus</strong></span> <span class='ocrx_word' id='word_1_158' title='bbox 799 2082 890 2125; x_wconf 88' lang='lat' dir='ltr'><strong>fieri</strong></span> <span class='ocrx_word' id='word_1_159' title='bbox 921 2082 1075 2137; x_wconf 92' lang='lat' dir='ltr'><strong>potuit,</strong></span> <span class='ocrx_word' id='word_1_160' title='bbox 1107 2083 1317 2136; x_wconf 85' lang='lat' dir='ltr'><strong>colligere,</strong></span> <span class='ocrx_word' id='word_1_161' title='bbox 1344 2083 1499 2137; x_wconf 88' lang='lat' dir='ltr'><strong>legere,</strong></span> <span class='ocrx_word' id='word_1_162' title='bbox 1530 2095 1626 2138; x_wconf 90' lang='lat' dir='ltr'><strong>per-</strong></span> 
     </span>
     <span class='ocr_line' id='line_1_22' title="bbox 146 2151 1624 2209; baseline 0.003 -15"><span class='ocrx_word' id='word_1_163' title='bbox 146 2154 345 2195; x_wconf 87' lang='lat' dir='ltr'><strong>tractare.</strong></span> <span class='ocrx_word' id='word_1_164' title='bbox 404 2151 595 2205; x_wconf 85' lang='lat' dir='ltr'><strong>Cumque</strong></span> <span class='ocrx_word' id='word_1_165' title='bbox 623 2154 809 2197; x_wconf 83' lang='lat' dir='ltr'><strong>viderem</strong></span> <span class='ocrx_word' id='word_1_166' title='bbox 838 2154 950 2198; x_wconf 91' lang='lat' dir='ltr'><strong>hunc</strong></span> <span class='ocrx_word' id='word_1_167' title='bbox 977 2155 1226 2209; x_wconf 89' lang='lat' dir='ltr'><strong>scriptorem</strong></span> <span class='ocrx_word' id='word_1_168' title='bbox 1255 2158 1305 2198; x_wconf 92' lang='lat' dir='ltr'><strong>ut</strong></span> <span class='ocrx_word' id='word_1_169' title='bbox 1341 2156 1508 2199; x_wconf 92' lang='lat' dir='ltr'><strong>nullum</strong></span> <span class='ocrx_word' id='word_1_170' title='bbox 1542 2168 1624 2199; x_wconf 91' lang='lat' dir='ltr'><strong>non</strong></span> 
     </span>
     <span class='ocr_line' id='line_1_23' title="bbox 146 2225 1623 2284; baseline 0.003 -16"><span class='ocrx_word' id='word_1_171' title='bbox 146 2225 416 2279; x_wconf 86' lang='lat' dir='ltr'><strong>antiquitatis</strong></span> <span class='ocrx_word' id='word_1_172' title='bbox 445 2228 661 2269; x_wconf 89' lang='lat' dir='ltr'><strong>auctorem</strong></span> <span class='ocrx_word' id='word_1_173' title='bbox 691 2225 982 2271; x_wconf 87' lang='lat' dir='ltr'><strong>foedissimum</strong></span> <span class='ocrx_word' id='word_1_174' title='bbox 1011 2228 1054 2270; x_wconf 93' lang='lat' dir='ltr'><strong>in</strong></span> <span class='ocrx_word' id='word_1_175' title='bbox 1091 2227 1263 2271; x_wconf 89' lang='lat' dir='ltr'><strong>modum</strong></span> <span class='ocrx_word' id='word_1_176' title='bbox 1299 2232 1344 2272; x_wconf 91' lang='lat' dir='ltr'><strong>et</strong></span> <span class='ocrx_word' id='word_1_177' title='bbox 1381 2231 1623 2284; x_wconf 89' lang='lat' dir='ltr'><strong>temporum</strong></span> 
     </span>
     <span class='ocr_line' id='line_1_24' title="bbox 145 2299 1626 2357; baseline 0.001 -15"><span class='ocrx_word' id='word_1_178' title='bbox 145 2299 344 2342; x_wconf 89' lang='lat' dir='ltr'><strong>iniuriam</strong></span> <span class='ocrx_word' id='word_1_179' title='bbox 370 2301 415 2341; x_wconf 92' lang='lat' dir='ltr'><strong>et</strong></span> <span class='ocrx_word' id='word_1_180' title='bbox 442 2299 661 2342; x_wconf 90' lang='lat' dir='ltr'><strong>hominum</strong></span> <span class='ocrx_word' id='word_1_181' title='bbox 689 2299 1004 2353; x_wconf 86' lang='lat' dir='ltr'><strong>neglegentiam</strong></span> <span class='ocrx_word' id='word_1_182' title='bbox 1037 2301 1357 2355; x_wconf 88' lang='lat' dir='ltr'><strong>socordiamque</strong></span> <span class='ocrx_word' id='word_1_183' title='bbox 1385 2314 1558 2357; x_wconf 85' lang='lat' dir='ltr'><strong>passum</strong></span> <span class='ocrx_word' id='word_1_184' title='bbox 1582 2304 1626 2345; x_wconf 93' lang='lat' dir='ltr'><strong>et</strong></span> 
     </span>
     <span class='ocr_line' id='line_1_25' title="bbox 145 2372 1625 2431; baseline 0.003 -17"><span class='ocrx_word' id='word_1_185' title='bbox 145 2373 212 2414; x_wconf 91' lang='lat' dir='ltr'><strong>tot</strong></span> <span class='ocrx_word' id='word_1_186' title='bbox 239 2373 413 2425; x_wconf 88' lang='lat' dir='ltr'><strong>tamque</strong></span> <span class='ocrx_word' id='word_1_187' title='bbox 442 2372 643 2427; x_wconf 86' lang='lat' dir='ltr'><strong>gravibus</strong></span> <span class='ocrx_word' id='word_1_188' title='bbox 672 2372 849 2417; x_wconf 84' lang='lat' dir='ltr'><strong>maculis</strong></span> <span class='ocrx_word' id='word_1_189' title='bbox 876 2384 967 2417; x_wconf 87' lang='lat' dir='ltr'><strong>esse</strong></span> <span class='ocrx_word' id='word_1_190' title='bbox 994 2373 1253 2429; x_wconf 89' lang='lat' dir='ltr'><strong>adspersum,</strong></span> <span class='ocrx_word' id='word_1_191' title='bbox 1289 2374 1359 2418; x_wconf 86' lang='lat' dir='ltr'><strong>vix</strong></span> <span class='ocrx_word' id='word_1_192' title='bbox 1399 2375 1491 2419; x_wconf 88' lang='lat' dir='ltr'><strong>ulla</strong></span> <span class='ocrx_word' id='word_1_193' title='bbox 1529 2387 1625 2431; x_wconf 87' lang='lat' dir='ltr'><strong>spes</strong></span> 
     </span>
     <span class='ocr_line' id='line_1_26' title="bbox 146 2444 1625 2500; baseline 0.004 -14"><span class='ocrx_word' id='word_1_194' title='bbox 146 2446 197 2486; x_wconf 91' lang='lat' dir='ltr'><strong>ut</strong></span> <span class='ocrx_word' id='word_1_195' title='bbox 223 2444 409 2497; x_wconf 84' lang='lat' dir='ltr'><strong>supersit</strong></span> <span class='ocrx_word' id='word_1_196' title='bbox 435 2446 641 2497; x_wconf 91' lang='lat' dir='ltr'><strong>pristinae</strong></span> <span class='ocrx_word' id='word_1_197' title='bbox 672 2458 769 2488; x_wconf 89' lang='lat' dir='ltr'><strong>eum</strong></span> <span class='ocrx_word' id='word_1_198' title='bbox 792 2446 1033 2499; x_wconf 83' lang='lat' dir='ltr'><strong>integritati</strong></span> <span class='ocrx_word' id='word_1_199' title='bbox 1055 2459 1243 2500; x_wconf 90' lang='lat' dir='ltr'><strong>unquam</strong></span> <span class='ocrx_word' id='word_1_200' title='bbox 1268 2448 1538 2491; x_wconf 86' lang='lat' dir='ltr'><strong>restituendi:</strong></span> <span class='ocrx_word' id='word_1_201' title='bbox 1571 2461 1625 2492; x_wconf 92' lang='lat' dir='ltr'><strong>en</strong></span> 
     </span>
     <span class='ocr_line' id='line_1_27' title="bbox 148 2515 1625 2575; baseline 0.005 -16"><span class='ocrx_word' id='word_1_202' title='bbox 148 2515 348 2561; x_wconf 89' lang='lat' dir='ltr'><strong>constitui</strong></span> <span class='ocrx_word' id='word_1_203' title='bbox 390 2516 506 2571; x_wconf 86' lang='lat' dir='ltr'><strong>apud</strong></span> <span class='ocrx_word' id='word_1_204' title='bbox 542 2517 732 2561; x_wconf 84' lang='lat' dir='ltr'><strong>animum</strong></span> <span class='ocrx_word' id='word_1_205' title='bbox 768 2528 932 2572; x_wconf 87' lang='lat' dir='ltr'><strong>meum,</strong></span> <span class='ocrx_word' id='word_1_206' title='bbox 976 2519 1021 2562; x_wconf 92' lang='lat' dir='ltr'><strong>et</strong></span> <span class='ocrx_word' id='word_1_207' title='bbox 1054 2517 1192 2573; x_wconf 91' lang='lat' dir='ltr'><strong>ipsum</strong></span> <span class='ocrx_word' id='word_1_208' title='bbox 1227 2530 1304 2574; x_wconf 91' lang='lat' dir='ltr'><strong>pro</strong></span> <span class='ocrx_word' id='word_1_209' title='bbox 1346 2519 1458 2564; x_wconf 86' lang='lat' dir='ltr'><strong>virili</strong></span> <span class='ocrx_word' id='word_1_210' title='bbox 1499 2523 1625 2575; x_wconf 88' lang='lat' dir='ltr'><strong>parte</strong></span> 
     </span>
     <span class='ocr_line' id='line_1_28' title="bbox 142 2589 1623 2644; baseline 0.005 -14"><span class='ocrx_word' id='word_1_211' title='bbox 142 2589 433 2632; x_wconf 85' lang='lat' dir='ltr'><strong>emendationi</strong></span> <span class='ocrx_word' id='word_1_212' title='bbox 464 2590 555 2634; x_wconf 88' lang='lat' dir='ltr'><strong>eius</strong></span> <span class='ocrx_word' id='word_1_213' title='bbox 581 2603 755 2644; x_wconf 89' lang='lat' dir='ltr'><strong>operam</strong></span> <span class='ocrx_word' id='word_1_214' title='bbox 783 2591 899 2642; x_wconf 90' lang='lat' dir='ltr'><strong>dare,</strong></span> <span class='ocrx_word' id='word_1_215' title='bbox 930 2603 1014 2633; x_wconf 91' lang='lat' dir='ltr'><strong>non</strong></span> <span class='ocrx_word' id='word_1_216' title='bbox 1044 2592 1166 2644; x_wconf 86' lang='lat' dir='ltr'><strong>quasi</strong></span> <span class='ocrx_word' id='word_1_217' title='bbox 1191 2605 1289 2635; x_wconf 91' lang='lat' dir='ltr'><strong>cum</strong></span> <span class='ocrx_word' id='word_1_218' title='bbox 1319 2595 1498 2638; x_wconf 88' lang='lat' dir='ltr'><strong>summis</strong></span> <span class='ocrx_word' id='word_1_219' title='bbox 1526 2594 1623 2638; x_wconf 86' lang='lat' dir='ltr'><strong>doc·</strong></span> 
     </span>
     <span class='ocr_line' id='line_1_29' title="bbox 145 2660 1629 2722; baseline 0.006 -18"><span class='ocrx_word' id='word_1_220' title='bbox 145 2660 406 2720; x_wconf 89' lang='lat' dir='ltr'><strong>tissimisque</strong></span> <span class='ocrx_word' id='word_1_221' title='bbox 443 2661 554 2716; x_wconf 87' lang='lat' dir='ltr'><strong>viris,</strong></span> <span class='ocrx_word' id='word_1_222' title='bbox 597 2663 671 2719; x_wconf 92' lang='lat' dir='ltr'><strong>qui</strong></span> <span class='ocrx_word' id='word_1_223' title='bbox 704 2663 758 2708; x_wconf 90' lang='lat' dir='ltr'><strong>de</strong></span> <span class='ocrx_word' id='word_1_224' title='bbox 787 2663 905 2708; x_wconf 89' lang='lat' dir='ltr'><strong>Livio</strong></span> <span class='ocrx_word' id='word_1_225' title='bbox 945 2662 1224 2710; x_wconf 85' lang='lat' dir='ltr'><strong>emaculando</strong></span> <span class='ocrx_word' id='word_1_226' title='bbox 1263 2666 1433 2722; x_wconf 88' lang='lat' dir='ltr'><strong>egregie</strong></span> <span class='ocrx_word' id='word_1_227' title='bbox 1463 2680 1629 2714; x_wconf 92' lang='lat' dir='ltr'><strong>merue-</strong></span> 
     </span>
    </p>
   </div>
  </div>
 </body>
</html>
