1784 2902
844 111 896 153 135

52 204 57 209 ἱ
110 200 177 278 *iri
199 233 420 286 codicibus
439 246 577 292 neque
610 235 655 280 in
683 236 786 297 ipsis
814 234 968 281 litteris
996 236 1131 279 ullum
1163 234 1263 279 talis
1290 233 1468 289 duplicis
1487 234 1604 276 lacu-

16 292 21 294 *
92 326 94 328 ·
131 320 213 354 nae
241 308 469 364 vestigium
506 311 619 354 inest
651 335 699 341 -
734 322 781 354 se
817 305 1031 354 fautorem
1067 309 1250 354 addicat.
1318 307 1421 360 Quis
1459 310 1603 352 autem

131 393 217 424 non
245 382 390 435 sentit,
418 382 549 425 verba
578 383 662 426 ista
691 382 923 426 barbaram.
946 382 1142 426 monachi
1167 381 1391 425 cuiusdam
1416 380 1603 424 latinita-

133 457 225 498 tem
251 455 363 498 omni
391 468 445 498 ex
472 458 595 509 parte
623 455 847 500 redolere?
894 455 1127 500 Deleamus‘
1146 467 1249 509 ergo
1279 453 1490 509 glossema
1518 451 1604 496 foe·

133 526 235 571 dum
278 530 525 584 tetrumque
561 529 618 573 ad
645 528 775 573 verba
805 525 857 575 ‘si
878 530 999 580 ‚nihil
1032 529 1143 577 vires
1178 521 1387 572 iuvarent’
1420 527 1602 581 primum

134 602 177 644 in
207 602 400 655 margine
427 603 724 656 explicationis
751 604 893 658 gratia
918 603 1183 656 adscriptum
1210 605 1446 656 posteaque
1473 601 1518 643 in
1546 600 1608 653 ip·

132 684 227 716 sum
256 674 480 718 verborum
511 675 703 719 ordinem
734 680 965 731 receptum.
1010 675 1075 719 De
1100 674 1305 719 eiusmodi
1335 673 1488 728 glossis
1515 673 1599 715 iam

135 758 266 801 supra
296 747 461 802 egimus
491 749 550 792 ad
579 749 650 801 IV,
686 751 751 801 27,
786 751 826 791 4.
856 772 912 779 —
939 748 1011 802 IX,
1045 751 1081 801 1,
1112 751 1152 791 8.
1187 772 1232 778 —

760 925 811 977 X,
847 927 913 978 20,
943 928 982 968 s,

264 1036 583 1090 Exploratores,
627 1048 734 1088 quos
763 1037 1016 1080 Volumnius
1043 1035 1297 1087 dimiserat,¹
1321 1035 1467 1079 Livius
1499 1035 1604 1079 haec

135 1112 436 1162 cognoscentes
463 1107 587 1153 facit:

263 1177 563 1233 ‘infrequentia
591 1182 768 1225 armatis
795 1182 918 1235 signa
945 1194 1128 1235 egressa,
1166 1182 1371 1235 praedam
1400 1180 1603 1235 praedae-

133 1263 215 1305 que
243 1253 438 1296 custodes
467 1253 597 1306 exire,
637 1253 852 1296 immobile
889 1265 1043 1307 agmen
1084 1257 1128 1296 et
1164 1266 1243 1297 sua
1273 1265 1483 1308 quemque
1511 1264 1605 1295 mo-

131 1325 305 1368 lientem
337 1326 453 1370 nullo
491 1327 602 1370 inter
628 1327 734 1370 alios
762 1338 971 1371 consensu
1011 1339 1088 1370 nec
1115 1327 1221 1371 satis
1251 1330 1366 1370 certo
1399 1318 1604 1380 imperio?

267 1397 388 1442 Unus
415 1398 488 1453 qui
518 1397 778 1451 explicandis
797 1399 937 1442 verbis
960 1395 1093 1442 ‘nullo
1116 1400 1228 1442 inter
1251 1399 1359 1441 alios
1381 1392 1604 1441 consensu’

132 1482 306 1524 operam
342 1471 437 1523 dat,
476 1470 863 1523 Weissenbornius‚
901 1471 1123 1514 machinas
1161 1470 1371 1525 quasdam
1405 1471 1603 1514 admovet

129 1542 486 1596 interpretationi,
530 1555 623 1585 cum
660 1543 931 1587 artificiosam
970 1544 1184 1598 quandam
1222 1544 1334 1586 inter
1362 1537 1603 1597 ‘quemque’

132 1616 177 1657 et
194 1609 329 1659 ‘alios'
355 1617 662 1671 oppositionem
691 1621 870 1670 statuat,
899 1618 961 1660 ita
990 1621 1040 1660 ut
1054 1609 1157 1660 ‘alii'
1172 1617 1284 1660 idem
1315 1616 1428 1669 quod
1440 1608 1601 1660 ‘ceteri'

130 1686 286 1731 valeat.
351 1687 487 1740 Quam
517 1688 687 1742 quidem
725 1691 963 1733 contortam
1002 1688 1128 1733 huius
1160 1689 1241 1732 loci
1274 1688 1601 1742 explicationem

131 1771 185 1801 ne
212 1760 272 1802 illi
310 1762 481 1815 quidem
509 1763 733 1816 probatam
774 1775 879 1816 esse,
920 1764 1004 1806 iam
1037 1763 1135 1807 inde
1165 1761 1273 1806 effici
1299 1764 1454 1817 potest,
1489 1763 1603 1817 quod

129 1831 223 1885 ipse
248 1833 427 1886 addidit,
460 1835 681 1879 certiorem
710 1836 926 1888 quandam
955 1836 1189 1880 desiderari
1219 1847 1498 1888 personarum
1515 1837 1601 1889 sig-

130 1903 425 1956 nificationem.
494 1907 768 1951 Scribendum
797 1909 930 1963 igitur
945 1908 1180 1963 'proposuit
1206 1903 1432 1951 vel-‘inter
1461 1921 1601 1951 arma-

129 1971 212 2020 tos'
241 1977 309 2020 vel
329 1973 463 2021 ‘inter
492 1973 562 2023 se'.
634 1979 803 2031 Quibus
839 1980 1090 2024 coniecturis
1127 1978 1365 2023 refutandis
1403 1991 1488 2023 non
1522 1983 1600 2031 est,

129 2050 259 2102 quod·
283 2051 466 2093 multum
500 2052 709 2106 temporis
736 2053 1070 2107 impendamus:
1110 2065 1250 2097 meam
1288 2053 1430 2108 potius
1471 2053 1602 2108 ipsius

130 2123 418 2165 coniecturam
444 2124 486 2165 in
512 2124 698 2166 medium
728 2124 941 2177 proferam
973 2125 1233 2169 lenissimam
1263 2125 1380 2168 illam
1408 2129 1454 2169 et
1465 2138 1601 2179 quan-

128 2198 237 2240 tum.-
251 2195 446 2248 equidem
476 2191 597 2239 video
626 2197 749 2240 unice
776 2197 876 2240 huic.
902 2198 991 2241 loco
1014 2202 1174 2251 aptam.
1217 2198 1472 2241 Mutandum
1489 2198 1599 2241 enim

399 2264 410 2281 C
462 2269 469 2275 ·
522 2262 535 2279 ³
586 2269 593 2277 ι

131 2343 413 2383 commutatas
446 2346 547 2393 esse,
579 2342 787 2395 exemplis
815 2341 1085 2386 confirmavit
1101 2342 1417 2386 Drakenborch.
1438 2343 1492 2385 ad
1508 2343 1597 2386 Liv.

127 2409 283 2464 XXIII,
315 2414 351 2465 7,
385 2415 422 2454 3.
446 2445 448 2447 ,
