1784 2902
828 823 860 866 I.
892 825 957 872 33,
988 825 1025 865 6.

285 914 534 959 ‘Ianiculum
562 926 731 968 quoque
771 913 994 963 adiectum,
1035 924 1119 954 non
1159 911 1300 965 inopia
1335 910 1428 962 loci,
1466 909 1539 952 sed
1580 921 1633 951 ne

153 990 322 1044 quando
351 1001 401 1031 ea
423 1001 502 1031 arx
521 987 706 1031 hostium
729 989 853 1030 esset.
896 985 945 1028 Id
969 995 1051 1027 non
1078 996 1200 1026 muro
1222 984 1372 1033 solum,
1406 981 1479 1025 sed
1505 982 1632 1025 etiam

153 1063 205 1106 ob
244 1061 587 1106 commoditatem
623 1059 787 1103 itineris
830 1060 960 1113 ponte
1004 1056 1192 1108 sublicio,
1234 1058 1325 1098 tum
1368 1055 1551 1108 primum
1591 1053 1634 1096 in

154 1135 294 1180 Tiberi
321 1133 446 1186 facto,
478 1131 671 1186 coniungi
701 1130 794 1175 urbi
824 1122 1012 1186 placuit,³

290 1207 509 1259 Quomodo
536 1206 684 1249 Livius
713 1205 801 1247 tale
835 1203 948 1257 quid,
981 1203 1107 1257 quale
1137 1204 1202 1244 est
1228 1197 1483 1242 ‘Ianiculum
1514 1210 1634 1240 muro

158 1281 252 1324 urbi
285 1273 550 1333 coniungere'
581 1279 706 1323 edere
736 1277 938 1332 potuerit,
971 1275 1164 1330 equidem
1185 1271 1538 1328 ingenue-fateor,
1568 1283 1636 1314 me

159 1365 241 1395 non
271 1353 531 1406 intellegere,
565 1350 814 1405 praesertim
845 1362 940 1392 cum
976 1350 1088 1391 inter
1118 1350 1304 1389 montem
1329 1344 1565 1388 Ianiculum
1595 1347 1639 1385 et

163 1425 310 1469 urbem
340 1425 500 1468 Tiberis
531 1423 803 1467 interflueret.
864 1421 1013 1475 Neque
1039 1419 1261 1463 Dukerum
1293 1418 1484 1474 pravitas
1514 1416 1639 1460 huius

156 1498 348 1543 lectionis
382 1495 507 1551 fugit,
550 1495 621 1550 qui
660 1495 893 1539 rectissime
931 1489 1031 1536 ‘non
1074 1485 1256 1536 constat'
1297 1491 1357 1533 ait
1382 1486 1635 1533 ‘Ianiculum

158 1573 317 1615 Romae
339 1582 461 1613 muro
486 1570 755 1614 coniunctum
781 1566 925 1622 fuisse,
957 1571 1006 1610 ut
1025 1567 1226 1610 Piraeum
1248 1558 1450 1608 Athenis'.
1489 1563 1639 1618 Itaque

163 1646 229 1689 vir
257 1656 459 1695 summus,
490 1644 525 1687 si
555 1642 658 1686 nihil
688 1642 925 1694 excidisset,
956 1641 1036 1684 hoc
1069 1639 1122 1683 ad
1152 1639 1255 1683 illud
1284 1637 1481 1692 ellipseos
1507 1649 1640 1691 genus

165 1717 434 1761 referendum
479 1728 579 1760 esse
608 1715 788 1768 putavit,
828 1727 921 1757 cum
961 1713 1154 1767 pluribus
1195 1711 1432 1755 nominibus
1472 1713 1639 1753 tantum

161 1802 293 1834 unum
318 1789 493 1832 verbum
523 1788 779 1843 adponatur,
810 1787 945 1831 altero
972 1782 1213 1841 suppresso.
1272 1785 1330 1827 At
1363 1783 1470 1835 vide,
1505 1794 1637 1836 quan-

162 1867 311 1917 topere
338 1862 390 1904 ab
412 1862 492 1905 hoc
520 1861 609 1904 loco
624 1861 873 1914 zeugmatis,
905 1872 1033 1913 quam
1063 1859 1219 1909 dicunt,
1250 1857 1387 1911 figura
1413 1856 1469 1899 sit
1489 1855 1640 1897 aliena.

161 1936 272 1980 Nam
300 1935 334 1978 si
366 1934 420 1978 ad
451 1934 569 1989 prius
597 1945 750 1977 nomen
785 1933 1013 1987 scriptores
1052 1931 1172 1975 latini
1210 1929 1386 1973 verbum
1425 1928 1639 1977 omittunt,

161 2008 250 2051 fere
279 2019 447 2061 semper
467 2008 528 2049 ita
553 2006 613 2058 fit,
646 2010 695 2048 ut
718 2005 833 2049 facili
857 2005 1027 2059 negotio
1055 2004 1096 2046 id
1119 2017 1173 2046 ex
1194 2004 1329 2045 altero
1358 2001 1486 2044 verbo
1510 2000 1644 2054 possit

162 2079 318 2135 repeti:
349 2079 549 2122 nimirum
578 2079 684 2122 talia
711 2090 881 2133 semper
906 2077 1077 2121 nomina
1107 2088 1189 2119 uno
1217 2074 1345 2118 verbo
1371 2072 1643 2128 comprehen-

166 2154 346 2205 duntur,
389 2164 568 2206 quorum
612 2154 678 2194 est
716 2151 927 2205 quaedam
973 2151 1084 2193 inter
1125 2162 1170 2192 se
1209 2146 1476 2190 necessitudo
1512 2150 1643 2198 atque

164 2225 330 2268 relatio.
373 2223 424 2267 cf.
465 2222 647 2276 exempli
689 2224 831 2277 gratia
865 2222 953 2265 Liv.
994 2221 1047 2274 H,
1095 2223 1158 2272 11,
1198 2222 1233 2262 3.
1276 2215 1497 2272 ‘brevique
1537 2218 1643 2262 adeo

163 2297 364 2342 infestum
393 2309 560 2341 omnem
590 2297 828 2339 Romanum
860 2307 1012 2349 agrum
1053 2293 1250 2344 reddidit,
1295 2296 1344 2336 ut
1382 2305 1466 2335 non
1502 2295 1645 2335 cetera

164 2370 300 2413 solum
333 2382 384 2412 ex
413 2371 539 2424 agris,
568 2370 642 2413 sed
668 2381 797 2424 pecus
825 2379 994 2421 quoque
1034 2379 1157 2410 omne
1196 2367 1236 2408 in
1276 2364 1423 2409 urbem
1463 2365 1643 2419 compel-

165 2435 336 2486 eretur.³
417 2442 545 2486 Vides
599 2442 737 2494 cred0,
795 2439 971 2484 verbum
1017 2432 1240 2493 ‘compelli'
1254 2472 1264 2490 ,
1319 2438 1418 2481 licet
1471 2437 1639 2491 proprie

164 2516 277 2559 lcum
306 2515 397 2559 solo
436 2512 614 2569 ‘pecore'
651 2514 846 2568 coniungi
883 2513 1028 2568 possit,
1068 2512 1174 2555 bene
1213 2515 1355 2555 tamen
1384 2510 1438 2553 ad
1471 2502 1647 2553 ‘cetera’

166 2600 335 2644 quoque
367 2587 528 2641 referri,
558 2601 654 2632 cum
684 2588 796 2632 inter
823 2580 995 2632 ‘cetera'
1017 2578 1231 2641 et‘pecus'
1254 2583 1489 2628 intercedat
1512 2582 1641 2637 quod-

166 2663 264 2706 dam
308 2662 430 2716 quasi
471 2662 795 2707 necessitudinis
837 2661 1073 2703 vinculum:
1127 2660 1170 2701 in
1218 2658 1466 2701 universum
1512 2657 1647 2710 magis
