1784 2902
889 161 943 201 28

164 282 233 326 hic
274 281 448 326 minime
488 283 627 326 locum
670 280 839 326 habere.
911 281 1016 333 Quis
1060 282 1174 326 enim
1217 287 1456 339 augusteae
1475 251 1690 331 ‘etatis‘
1740 268 1769 301 Ἃ

162 356 347 409 script&
372 356 460 400 tale
487 356 590 410 quid
619 355 862 409 posteritati
891 355 1135 402 mandavit:
1163 354 1321 404 ‘omnes
1350 358 1508 404 Persea
1536 360 1653 414 apud
1722 391 1743 418 3
1769 375 1774 380 ·

163 427 369 473 Graeciae
391 431 530 482 'atque
558 427 687 472 Asiae
724 428 919 472 civitates
954 424 1288 481 reverebantur',
1328 442 1406 486 pro
1447 443 1496 475 eo
1539 432 1652 485 quod

162 502 431 547 scribendum
460 506 573 546 erat:
600 498 660 545 ‘in
689 500 895 547 Graeciae
925 505 1057 557 atque
1085 502 1215 548 Asiae
1244 497 1531 549 civitatibus?’
1562 504 1652 550 Nec

162 580 308 620 tamen
345 579 574 631 propterea
616 587 762 618 vocem
796 576 869 618 illo
909 579 1085 619 auctore
1126 578 1294 619 omnino
1333 578 1517 631 eicerim,
1556 590 1651 623 cum

161 651 277 694 nullo
308 650 436 693 inodo
461 649 668 703 explicari
699 650 843 703 queat,
877 649 1088 701 quomodo
1113 662 1163 693 ea
1191 650 1235 693 in
1252 652 1495 696 contextum
1517 650 1648 705 irrep·
1704 700 1707 703 ,

161 724 278 776 serit,
307 724 384 764 aut
411 734 540 776 quem
571 722 627 765 ad
653 720 781 764 finem
810 720 1014 765 librarius
1045 721 1201 777 aliquis
1232 735 1328 766 eam
1359 722 1645 777 adscripserit.

294 796 430 838 Immo
459 794 677 839 lenissima
711 794 1005 838 emendatione
1034 794 1140 839 haec
1169 795 1288 838 Livio
1319 794 1582 839 refinxerim:

292 865 418 913 ‘Nam
462 874 504 909 ut
542 874 658 921 eaput
702 867 909 911 Graeciae
944 871 1076 922 atque
1114 868 1242 912 Asiae
1280 869 1475 913 civitates
1513 868 1649 914 vereri

161 944 433 987 maiestatem
464 940 555 984 eius
585 933 759 983 omnes.2

294 1013 417 1056 Unde
461 1012 704 1065 corruptela
744 1011 950 1065 originem
987 1011 1181 1065 traxerit,
1222 1012 1339 1056 haud
1377 1011 1545 1055 difficile
1583 1017 1649 1057 est

158 1086 467 1130 demonstratu.
541 1085 652 1128 Nam
698 1084 990 1128 coniunctione
1031 1077 1123 1138 ‘ut',
1162 1097 1272 1140 quae
1314 1097 1514 1140 magnam
1553 1098 1647 1129 cum

159 1158 304 1202 littera
334 1157 450 1201 finali
476 1150 549 1200 ‘m'
580 1158 875 1210 praecedentis
909 1157 1105 1200 vocabuli
1142 1157 1271 1200 habet
1311 1158 1646 1210 similitudinem,

160 1245 186 1274 a
216 1232 387 1275 librario
417 1232 623 1286 neglecta,
666 1231 942 1275 commutatio
983 1233 1097 1274 vocis
1134 1224 1293 1287 ‘caput'
1331 1231 1373 1274 in
1406 1224 1554 1287 ‘aput',
1600 1235 1647 1275 ut

160 1318 214 1348 ex
247 1303 388 1348 verbis
416 1305 563 1357 aliqua
593 1317 647 1347 ex
676 1307 800 1359 parte
825 1304 1058 1358 probabilis
1077 1305 1302 1348 eliceretur
1319 1305 1542 1358 sententia,
1575 1317 1645 1347 ne-

162 1378 345 1421 cessario
374 1377 491 1422 facta
519 1377 701 1421 videtur.

753 1567 883 1622 XLII,
917 1570 981 1621 16,
1014 1572 1051 1611 9.

290 1670 428 1727 ‘Quae
465 1678 617 1729 postea
659 1687 744 1719 non
785 1673 975 1719 fefellere
1008 1676 1269 1730 Eumenem;
1310 1680 1353 1720 et
1384 1688 1646 1731 quamquam

158 1748 430 1793 dissimulare
470 1752 514 1792 et
554 1749 686 1794 tacite
723 1749 883 1807 habere
925 1749 968 1792 id
1006 1750 1099 1805 pati
1144 1752 1370 1803 statuerat,
1417 1751 1562 1793 tamen
1603 1751 1644 1793 in

157 1823 293 1876 primo
322 1835 554 1876 congressu
585 1834 668 1865 non
699 1824 965 1877 temperavit,
995 1823 1095 1877 quin
1126 1816 1223 1867 etc.'

291 1894 361 1937 Ita
392 1894 626 1938 secundum
655 1895 919 1950 Madvigium
951 1894 1023 1949 (cf.
1055 1895 1284 1938 editionem
1314 1895 1406 1938 eius
1436 1894 1492 1938 ad
1522 1894 1563 1937 h.
1596 1895 1645 1949 l.)

157 1969 307 2012 unicus
337 1969 471 2011 codex
499 1964 559 2012 ‘id
588 1961 694 2022 pati'
721 1968 913 2022 praebet,
955 1980 1040 2011 non
1071 1971 1121 2011 ut
1153 1968 1356 2011 Hertzius
1385 1979 1438 2010 ex
1468 1967 1647 2010 Vahleni

156 2041 383 2087 collatione
412 2040 616 2085 adnotat:
653 2034 788 2095 ‘pati'
845 2040 980 2085 Miror
1009 2043 1153 2084 autem
1183 2039 1458 2094 Madvigium,
1493 2041 1566 2094 qui
1603 2041 1646 2083 in

157 2115 294 2158 altero
322 2115 449 2158 huius
477 2114 782 2158 enuntiationis
812 2113 915 2158 vitio
941 2109 1090 2157 ‘tacite
1130 2108 1303 2157 habere'
1339 2116 1430 2157 tam
1473 2114 1645 2167 egregia

157 2188 454 2232 emendatione
480 2200 630 2233 verum
657 2188 860 2241 restituit,
892 2189 1020 2243 plane
1038 2200 1234 2231 securum
1255 2187 1308 2231 de
1331 2187 1507 2231 voculae
1526 2179 1645 2241 ‘pati'

155 2261 410 2316 integritate
437 2260 582 2306 fuisse.
641 2261 858 2305 Statuitne
886 2273 987 2316 ergo
1016 2261 1231 2305 Eumenes
1260 2260 1351 2315 pati
1379 2259 1646 2304 dissimulare

157 2337 201 2379 et
225 2335 357 2378 tacita
389 2334 537 2379 haberi
569 2335 694 2389 signa
734 2334 985 2388 cupiditatis
1023 2334 1232 2390 regnandi
1271 2333 1325 2376 ab
1370 2332 1517 2376 Attalo
1548 2344 1644 2386 pro-

157 2408 279 2452 dita?
334 2407 474 2459 Quid?
519 2408 633 2461 quod
662 2420 739 2451 rex
767 2420 852 2451 non
881 2408 1059 2462 patitur,
1100 2407 1176 2450 sed
1213 2406 1332 2450 iubet
1364 2405 1645 2451 dissimulare.

157 2482 249 2525 Hac
276 2481 428 2525 vocula
456 2493 552 2524 mea
581 2473 754 2534 quidem
786 2480 999 2525 sententia
1028 2479 1233 2534 languida
1268 2478 1509 2535 frigidaque
1549 2490 1643 2521 ora-

157 2555 219 2598 tio
260 2555 370 2598 Livii
410 2554 566 2598 evadit.
640 2554 792 2609 Itaque
836 2566 934 2597 cum
979 2552 1110 2596 codex
1151 2552 1308 2597 habeat
1333 2548 1393 2596 ‘id
1425 2544 1541 2607 pati',
1573 2564 1644 2595 ne·

157 2628 243 2672 scio
275 2640 330 2671 au
363 2628 456 2671 iure
482 2638 576 2670 meo
607 2626 713 2670 haec
753 2625 885 2670 verba
921 2637 946 2668 e
989 2627 1193 2669 contextu
1231 2625 1457 2669 verborum
1495 2623 1643 2669 eicien-

157 2701 234 2745 dos
266 2712 438 2754 censeo;
469 2699 625 2752 quibus
656 2698 822 2742 omissis
853 2709 991 2751 neque
1021 2697 1255 2751 quidquam
1289 2696 1558 2741 desideratur
1590 2697 1645 2741 ad
