1784 2902
856 159 911 199 24

132 278 282 323 solutis
315 277 535 323 ordinibus
563 278 684 322 velut
713 279 826 322 caeci
855 290 985 332 super
1012 277 1119 321 alios
1147 276 1218 321 alii
1239 278 1421 322 ruentes
1447 276 1624 322 incursu
1690 288 1697 292 ⁴

131 351 375 395 belluarum
405 344 733 395 obtererentur.³

266 425 353 471 Res
380 438 515 480 parva
544 428 620 480 est,
654 424 707 470 de
736 436 823 479 qua
848 424 1041 470 dicturus
1060 437 1170 478 sum,
1203 435 1333 479 quam
1356 425 1503 469 tamen
1526 436 1623 469 cum

134 499 241 542 nihil
273 501 364 541 tam
395 499 607 540 minutum
638 509 690 540 ac
717 497 800 540 vile
828 498 944 539 sitin
968 509 1015 540 re
1040 498 1198 549 critica,
1231 499 1282 540 ut
1299 497 1442 550 sperni
1456 497 1622 550 debeat,

130 569 264 614 libere
293 570 336 613 in
367 568 554 612 medium
587 566 817 622 proferam.
861 567 1019 611 Vocem
1050 567 1160 611 enim
1181 560 1252 611 ‘et'
1279 562 1499 614 ante‘sua'
1516 568 1619 613 ferri

130 655 215 685 non
257 632 396 696 posse',
439 642 582 685 docuit
618 641 870 695 Madvigius.
912 641 1109 695 (Emend.
1152 641 1242 684 Liv.
1279 655 1320 696 p.
1353 642 1481 698 430.)‚
1525 655 1621 687 cum

130 715 219 757 sive
245 727 323 768 pro
345 715 590 768 copulativa
608 714 801 768 accipias,
837 715 973 756 omnis
988 717 1209 757 structura
1226 718 1446 758 evertatur
1467 715 1622 770 (maior

131 789 265 843 pestis
299 791 364 832 est
396 788 522 831 alicui
555 786 812 830 intermixtis
842 786 1061 841 quadrigis
1092 790 1223 840 atque
1240 799 1321 831 sua
1341 788 1502 843 turba),
1535 788 1621 832 sive

130 874 209 916 pro
236 855 407 914 ‘etiam³,
439 863 483 903 et
512 873 643 914 pravo
672 861 764 903 loco
793 859 980 914 p'onatur
1007 863 1106 915 post
1136 861 1211 903 illa
1237 856 1522 906 ‘intermixtis’
1540 866 1618 907 etc.

130 922 174 978 et
197 935 251 978 ad
275 934 532 978 sententiam
560 937 603 976 et
627 936 987 987 comparationem
1015 946 1109 976 cum
1126 933 1314 977 hostium
1330 936 1620 989 persecutione

129 1007 323 1060 ineptum
350 1007 419 1050 sit.
477 1005 717 1048 Delendum
744 1006 878 1060 igitur
908 1006 1013 1048 illud
1039 999 1113 1049 ‘et'
1150 1010 1294 1050 censet
1334 1008 1399 1050 vir
1436 1008 1618 1051 clarissi-

130 1092 239 1124 mus.
299 1078 405 1123 Mihi
435 1091 534 1123 vero
565 1079 705 1122 animo
735 1082 963 1132 menteque
994 1079 1210 1134 cogitanti,
1259 1091 1387 1134 quam
1418 1093 1545 1135 saepe
1573 1081 1617 1124 in

128 1152 246 1195 libris
275 1164 373 1195 mss.
409 1151 609 1196 confusae
638 1152 751 1195 inter
780 1164 826 1196 se
853 1154 1030 1196 voculae
1058 1150 1128 1195 ‘et'
1159 1157 1288 1208 atque
1302 1150 1382 1196 ‘ex‘
1401 1154 1616 1197 invenian-

131 1230 217 1280 tur,
247 1227 309 1269 ita
339 1227 481 1280 potius
507 1225 646 1269 visum
675 1229 741 1269 est
767 1226 969 1269 scribere:

260 1296 481 1343 ‘Ceterum
528 1299 791 1353 fugientibus
831 1299 966 1343 maior
1005 1299 1148 1354 pestis,
1195 1299 1450 1343 intermixtis
1478 1331 1487 1341 .
1520 1332 1530 1341 .
1564 1332 1573 1341 .
1606 1331 1615 1340 .

129 1372 316 1424 camelis,
349 1375 444 1415 erat
474 1384 519 1414 ex
548 1385 627 1417 sua
657 1372 848 1426 ipsorum
877 1372 1018 1424 turba,
1050 1384 1147 1415 cum
1178 1369 1271 1415 etc.‘

1181 1510 1186 1529 l

684 1552 898 1608 xxxvn,
928 1555 997 1608 45,
1030 1556 1069 1596 τ.

260 1674 371 1720 ‘Non
401 1680 492 1720 tam
522 1677 624 1730 quid
652 1678 735 1732 ipsi
775 1678 978 1731 dicamus,
1019 1678 1235 1731 habemus,
1273 1677 1411 1732 inquit
1453 1677 1617 1730 Zeuxis,

129 1762 258 1804 quam
288 1751 339 1792 ut
368 1761 394 1792 a
422 1749 540 1793 vobis
570 1760 841 1802 quaeramuS,
883 1748 1078 1803 Romani,
1120 1761 1203 1802 quo
1243 1748 1411 1803 piaculo
1447 1751 1619 1805 expiare

128 1834 317 1866 errorem
364 1821 499 1876 regis,
547 1834 697 1875 pacem
747 1822 1001 1876 veniamque
1045 1822 1276 1875 impetrare
1319 1834 1345 1864 a
1386 1823 1617 1867 victoribus

125 1893 361 1952 possimus?

260 1969 447 2022 Primus,
478 1971 686 2022 quantum
717 1970 854 2022 video,
884 1968 1257 2011 Drakenborchius
1289 1969 1332 2010 in
1352 1971 1544 2014 oratione
1563 1973 1617 2015 ab

128 2044 242 2087 omni
287 2042 426 2096 polita
468 2042 683 2086 latinitate
730 2044 909 2097 prorsus
950 2042 1232 2086 abhorrente:
1281 2039 1521 2095 ‘habemus,
1566 2046 1617 2088 ut

125 2113 395 2171 quaeramus‘
438 2114 631 2170 offendit3
676 2127 814 2169 neque
846 2119 992 2159 tamen
1033 2116 1088 2159 ad
1131 2115 1370 2160 sanandum
1414 2116 1615 2160 mendum

124 2190 358 2243 quidquam
388 2191 585 2233 tentavit.
646 2188 777 2233 Cuius
805 2190 975 2242 quidem
1005 2190 1067 2233 rei
1097 2202 1148 2233 ea
1179 2189 1303 2234 credo
1335 2190 1432 2234 viro-
1460 2189 1614 2233 cautis-

124 2261 230 2307 simo
264 2260 348 2305 fuit
374 2272 518 2311 causa,
564 2260 676 2315 quod
707 2259 751 2303 in
780 2260 862 2303 hac
891 2259 1056 2304 Liviani
1087 2260 1227 2315 operis
1255 2262 1381 2315 parte
1410 2258 1537 2302 debili
1565 2271 1617 2302 ac

124 2350 274 2381 manco
303 2335 582 2379 fundamento
612 2334 759 2378 critico
795 2334 1031 2378 innitimur.
1103 2335 1256 2389 Itaque
1297 2344 1394 2378 cum
1438 2332 1615 2389 videret,

122 2423 268 2454 vocem
295 2406 532 2453 ‘habemus‘
563 2408 645 2451 nisi
678 2408 722 2449 in
751 2408 859 2450 libro
889 2421 990 2451 mss.
1021 2409 1089 2451 vel
1120 2409 1265 2462 potius
1297 2408 1505 2461 impresso
1523 2408 1613 2452 Mo-

122 2484 303 2539 guntino
334 2495 419 2527 non
448 2483 547 2550 legi,
579 2478 632 2527 ab
662 2482 776 2526 omni
807 2482 1050 2547 coniectura
1081 2481 1300 2525 abstinuit.
1373 2479 1416 2524 Si
1444 2493 1544 2524 vero
1570 2482 1615 2525 in

84 2576 88 2579 *
122 2557 189 2602 his
219 2556 341 2601 libris
373 2556 496 2600 lectio
527 2555 739 2609 quaedam
769 2558 891 2600 extat
928 2555 983 2599 ab
1027 2567 1112 2598 uno
1149 2555 1400 2610 Moguntino
1441 2556 1612 2611 tradita,

124 2643 321 2686 quaeque
349 2642 427 2685 per
454 2643 501 2675 se
531 2631 620 2674 iam
651 2630 932 2684 suspitionem
964 2631 1118 2682 movet,
1149 2627 1238 2675 fere
1270 2643 1439 2687 semper
1468 2633 1614 2676 nostro

124 2706 219 2748 iure
248 2703 447 2748 dubitare
481 2703 697 2757 debemus,
738 2704 851 2747 sitne
875 2704 951 2746 illa
982 2702 1107 2746 lectio
1138 2715 1288 2747 revera
1317 2704 1474 2749 codicis
1499 2703 1615 2748 illius
