1784 2902
833 121 923 162 ‘13

156 243 313 298 poterit
353 254 437 286 non
469 254 699 298 agnoscere
736 242 780 285 in
813 241 951 286 verbis
977 237 1157 296 ‘placari
1195 235 1423 297 nequeant’
1451 254 1625 286 manum

155 317 416 371 glossatoris,
447 317 519 370 qui
547 316 630 360 dici
659 316 730 359 vix
759 319 914 370 potest,
944 328 1075 371 quam
1102 328 1231 370 saepe
1259 316 1487 370 genuinam
1518 316 1626 361 Livii

126 386 135 443 ’,
156 390 391 434 orationem
406 389 560 445 ineptis
579 389 785 436 eiusmodi
801 388 1102 436 additamentis
1120 388 1364 433 foedissime
1376 391 1624 445 corruperit.

155 464 272 507 Haec
310 464 444 518 igitur
471 463 602 507 verba
630 476 655 505 e
689 465 891 506 contextu
921 464 1144 507 verborum
1183 464 1333 517 procul
1371 465 1626 508 removenda

155 549 249 582 esse
278 548 447 590 censeo3
479 537 642 591 quippe
672 536 824 589 quibus
853 537 1043 590 expulsis
1082 536 1258 590 pulchre
1287 548 1337 580 ac
1364 536 1502 579 vivide
1531 548 1625 579 ora-

155 612 216 653 tio
236 609 435 663 profluat.

755 788 827 841 IX,
859 790 925 839 39,
961 790 1025 830 10.

286 898 423 945 ‘Tunc
455 901 561 944 vinci
592 900 827 954 pertinacia
861 902 1023 953 coepta,
1060 901 1105 941 et
1132 900 1268 942 averti
1298 899 1504 954 manipuli
1532 900 1623 953 qui-

153 974 265 1025 dam,
304 977 349 1017 et
377 977 426 1016 ut
458 973 588 1017 semel
623 973 776 1017 dedere
805 978 939 1027 terga,
979 973 1111 1016 etiam
1142 972 1364 1015 certiorem
1400 970 1624 1026 capessere

153 1040 328 1102 fugam.'

286 1118 440 1162 Miram
475 1118 664 1172 profecto
694 1118 898 1171 Livioque
931 1118 1149 1172 indignam
1182 1117 1476 1171 tautologiam,
1513 1130 1623 1172 quae

154 1191 218 1235 his
247 1191 385 1233 verbis
416 1191 537 1244 inest,
568 1191 780 1234 neminem
812 1188 1047 1242 offendisse,
1077 1200 1159 1231 non
1186 1189 1291 1232 satis
1318 1189 1461 1233 miror.
1512 1190 1623 1233 Nam

155 1263 313 1307 locutio
330 1259 450 1307 ‘dare
469 1255 620 1318 terga³,
645 1274 877 1316 quamnam
895 1262 1038 1314 aliam,
1057 1273 1228 1316 quaes0,
1258 1261 1470 1305 notionem
1494 1274 1623 1317 quam

149 1330 369 1391 ‘fugiendi’
398 1337 616 1380 continet?
684 1335 794 1387 Quid
832 1335 964 1389 igitur
1002 1335 1081 1379 sibi
1123 1335 1270 1378 volunt
1306 1335 1436 1379 verba
1478 1335 1623 1379 addita

149 1406 295 1454 ‘etiam
327 1410 547 1455 certiorem
590 1421 812 1464 capessere
851 1404 1043 1464 fugam‘?
1107 1408 1256 1462 Neque
1290 1410 1429 1453 minus
1465 1409 1622 1464 aliquis

149 1483 341 1536 miretur,
379 1482 492 1536 quod
522 1483 646 1536 pauci
676 1481 879 1536 manipuli
916 1480 961 1524 in
988 1479 1093 1535 fuga
1120 1482 1287 1525 unicam
1320 1494 1440 1536 spem
1469 1482 1621 1526 salutis

150 1559 355 1610 ponentes
387 1555 441 1599 ad
470 1568 681 1600 summam
718 1555 850 1599 cladis
880 1555 1092 1599 valebant.
1164 1555 1320 1607 Quodsi
1350 1556 1496 1599 Livius
1524 1567 1622 1598 nar-

147 1630 277 1680 raret,
311 1628 553 1683 *manipulos
583 1628 792 1683 quosdam
823 1627 1034 1682 fugientes
1064 1631 1227 1673 ceteras
1256 1629 1398 1682 copias
1427 1628 1622 1683 exemplo

149 1712 225 1743 suo
253 1700 447 1754 traxisse,
482 1701 615 1744 omnis
649 1701 733 1745 ista
762 1700 938 1745 offensio
968 1701 1024 1745 ad
1053 1701 1231 1745 nihilum
1261 1701 1478 1745 recIderet.
1535 1701 1624 1744 Ita-

148 1786 231 1827 que
260 1776 310 1816 ut
337 1777 381 1818 et
410 1776 667 1819 sententiam
698 1774 982 1819 necessariam
1007 1775 1203 1829 scriptori
1232 1775 1454 1818 restituam
1484 1777 1529 1819 et
1558 1774 1619 1817 in·

149 1849 294 1899 eptam
326 1846 454 1890 istam
480 1847 763 1902 tautologiam
793 1847 956 1901 tollam,
987 1847 1141 1892 scribo:

278 1915 397 1963 ‘tunc
427 1920 537 1964 vinci
556 1920 802 1979 pertinacia!
809 1923 961 1974 coepta
979 1924 1024 1964 et
1045 1921 1184 1963 averti
1201 1920 1407 1974 manipuli
1425 1920 1620 1974 quidam,

154 1992 192 2032 el
222 1995 272 2034 ut
299 1992 433 2035 semel
464 1992 618 2037 dedere
643 1980 793 2046 tergas
820 1994 949 2036 etiam
985 1993 1107 2035 ceteri
1135 1993 1361 2036 certiorem
1398 2004 1621 2047 capessere

149 2058 323 2119 fugam.²
1439 2111 1442 2113 ,

279 2130 363 2179 ‘Ei'
390 2149 502 2180 nunc
530 2137 652 2181 video
681 2139 767 2181 iam
782 2139 975 2193 Adolpho
988 2139 1152 2183 Kochio
1173 2139 1236 2194 (in
1259 2151 1473 2193 program.
1489 2139 1621 2182 Bran-

151 2209 274 2254 denb.
306 2211 424 2253 186L
452 2222 492 2264 p.
518 2210 574 2265 7.)
604 2211 649 2254 in
677 2214 864 2255 mentem
896 2212 1075 2265 venisse,
1103 2213 1176 2267 qui
1206 2212 1320 2267 quod
1351 2224 1429 2267 pro
1453 2207 1620 2255 ‘certio-

147 2277 252 2327 rem'
292 2284 462 2338 scripsit
492 2278 723 2328 ‘certiores’
761 2285 908 2329 irritus
946 2289 1025 2329 est.
1083 2286 1153 2329 Ita
1188 2286 1221 2329 si
1253 2286 1398 2329 Livius
1434 2285 1622 2340 scripsis-

149 2358 240 2406 set,
292 2357 386 2400 iure
432 2358 770 2402 desideraremus
811 2359 1120 2413 oppositionem
1135 2393 1146 2413 ‚
1199 2372 1283 2414 qua
1329 2359 1369 2403 ei
1414 2357 1622 2411 manipuli

148 2428 222 2481 qui
250 2427 378 2482 primi
416 2427 545 2483 fugae
572 2442 667 2475 sese
695 2430 978 2485 tradiderunt,
1015 2432 1151 2486 magis
1181 2444 1310 2487 quam
1347 2430 1477 2475 ceteri
1504 2430 1622 2474 labo-

148 2512 267 2545 rasse
306 2503 351 2545 et
391 2512 528 2555 paene
571 2505 763 2557 oppressi
806 2516 857 2548 ac
892 2504 1168 2549 circumventi
1210 2504 1341 2549 fuisse
1379 2506 1621 2548 narrentur.

148 2571 279 2618 Cuius
309 2575 371 2618 rei
400 2574 444 2617 in
472 2573 579 2618 Livii
607 2576 747 2621 verbis
777 2590 831 2622 ne
857 2578 1086 2632 vestigium
1120 2577 1289 2632 quidem
1318 2580 1450 2622 extat.
1510 2576 1622 2629 Quid

147 2659 247 2692 vero
275 2648 464 2692 Kochius
493 2649 574 2692 sibi
593 2650 706 2703 velit,
740 2663 837 2695 cum
850 2650 1090 2695 ‘certiorem
1119 2650 1274 2704 fugam'
1294 2651 1620 2705 explicationem
