1784 2902
875 117 899 156 7

137 237 378 293 potuisset!
420 237 655 281 Fortunam
686 236 824 282 colere
862 234 1061 279 fortasse.
1076 236 1217 288 aliquo
1248 236 1370 279 modo
1402 237 1462 280 ita
1491 236 1629 280 dicere

152 310 283 363 licuit,
331 312 381 353 ut
421 310 544 355 deam
587 310 821 353 Fortunam
867 309 1189 363 intellegamus3
1235 308 1348 362 quod
1393 310 1539 351 tamen
1584 310 1628 352 in

154 375 347 433 nostrum
375 383 515 426 locum
544 383 719 426 minime
749 382 947 435 quadrat.
997 381 1116 433 Quae
1145 394 1238 425 cum
1271 382 1331 425 ita
1355 382 1453 433 sint,
1484 382 1545 425 ita
1570 382 1630 426 lo-

153 467 247 499 cum
277 454 587 499 emendandum
616 457 742 508 puto:

282 523 540 581 ‘erudirique
572 526 752 579 artibus,
783 526 938 580 quibus
968 526 1136 581 ingenia
1157 527 1212 571 ad
1232 539 1413 581 magnae
1432 524 1629 570 fortunae

137 596 302 655 gustum
332 595 603 646 excitantur.³

287 674 417 718 Artes
455 674 617 718 scilicet
655 673 854 717 liberales
897 686 992 717 cum
1030 675 1242 717 hominem
1280 687 1333 718 ex
1367 674 1539 719 feritate
1576 675 1631 717 ad

154 747 521 791 mansuetudinem
568 748 812 800 traducunt,
861 745 1060 797 efficiunt,
1108 749 1158 789 ut
1200 748 1367 792 altioris
1411 747 1631 792 cuiusdam

153 819 351 864 fortunae
391 819 573 873 quodam
613 832 765 873 sapore
808 820 1015 873 capiatur,
1061 824 1110 864 ut
1150 821 1314 875 magnis
1351 820 1477 865 rebus
1505 820 1632 863 susci-

154 893 319 946 piendis
349 895 393 935 et
422 891 557 934 inhiet
584 895 628 934 et
656 892 832 936 idoneus
864 892 953 935 fiat.

829 1105 861 1156 I,
893 1108 960 1147 52.

286 1246 523 1293 ‘Revocatis
553 1250 702 1293 deinde
730 1250 785 1293 ad
813 1250 1035 1293 concilium
1070 1249 1233 1292 Latinis
1255 1249 1516 1302 Tarquinius
1550 1250 1633 1292 col-

157 1323 437 1377 laudatisque‚
469 1324 542 1378 qui
560 1324 751 1366 Turnum
783 1326 1009 1366 novantem
1042 1334 1110 1366 res
1138 1334 1214 1376 pro
1246 1320 1470 1366 manifesto
1498 1323 1632 1376 parri-

158 1396 263 1439 cidio
285 1396 440 1438 merita
471 1408 607 1449 poena
631 1395 899 1448 adfecissent,
928 1396 988 1439 ita
1008 1394 1138 1438 verba
1161 1394 1284 1439 fecit:
1314 1395 1446 1439 Posse
1463 1388 1634 1448 quidem'

158 1480 204 1512 se
244 1470 413 1512 vetusto
453 1469 546 1511 iure
581 1480 720 1524 agere,
760 1469 884 1522 quod,
926 1480 1024 1511 cum
1064 1479 1210 1511 omnes
1252 1467 1393 1511 Latini
1431 1466 1485 1511 ab
1524 1466 1635 1510 Alba

157 1541 322 1583 oriundi
353 1542 450 1592 sint,
483 1542 524 1583 in
555 1553 604 1584 eo
633 1540 805 1585 foedere
831 1545 1073 1593 teneantur,
1105 1553 1189 1593 quo
1221 1541 1273 1583 ab
1296 1541 1419 1583 Tullo
1451 1553 1519 1584 res
1546 1553 1633 1583 om-

156 1612 221 1656 nis
246 1612 412 1656 Albana
441 1647 450 1657 .
483 1646 491 1656 .
519 1647 528 1656 .
560 1648 568 1657 .
602 1648 611 1657 .
642 1615 686 1657 in
715 1615 954 1658 Romanum
982 1613 1160 1658 cesserit
1192 1611 1439 1668 imperium'.

289 1685 426 1730 Prave
462 1687 594 1731 latine
631 1688 787 1731 dicitur
821 1683 881 1729 ‘in
924 1686 1094 1729 foedere
1132 1680 1294 1730 teneri'.
1362 1685 1482 1730 Licet
1522 1687 1633 1730 enim

157 1756 369 1801 interdum
396 1760 569 1803 verbum
597 1753 797 1803 ‘tenendi'
830 1772 924 1803 cum
965 1760 1276 1814 praepositione
1310 1754 1384 1801 ‘in'
1418 1759 1634 1814 iungatur7

156 1836 299 1873 tamen
324 1831 401 1874 hoc
426 1844 593 1885 semper
618 1836 711 1875 tum
733 1845 857 1876 usum
876 1832 1018 1885 habet,
1050 1844 1145 1875 cum
1173 1831 1302 1875 verbo
1327 1825 1493 1875 ‘teneri'
1521 1832 1635 1874 notio

157 1896 440 1955 ‘deprehendi'
471 1903 629 1946 subest.
688 1904 842 1957 Itaque
872 1904 1107 1948 rectissime
1136 1903 1240 1946 mihi
1267 1904 1351 1946 iam
1390 1903 1635 1945 Perizonius

158 1973 201 2015 in
227 1973 310 2017 ista
338 1974 486 2018 vocula
514 1974 701 2019 haesisse
716 1975 896 2030 videtur,
928 1980 972 2020 et
1000 1989 1103 2020 sane
1135 1976 1196 2020 illi
1219 1975 1529 2019 concedendum
1556 1978 1633 2028 est,

156 2044 357 2090 facillime
386 2048 703 2103 dittographiae
730 2062 859 2104 quam
891 2053 1044 2094 vocant
1075 2050 1175 2094 vitio
1198 2045 1270 2092 ‘in’
1294 2062 1347 2093 ex
1367 2041 1636 2103 praecedenti

158 2130 259 2162 voce
288 2113 405 2163 ‘sint'
429 2120 619 2173 potuisse
649 2122 763 2165 oriri.
824 2123 890 2165 Tu
916 2135 1016 2166 vero
1047 2123 1156 2176 vide,
1180 2135 1234 2166 an
1249 2111 1425 2165 ‘leniore
1457 2122 1637 2165 fortasse

160 2192 510 2257 medicinaLivio
539 2195 594 2236 sit
622 2196 955 2239 restituendum:

289 2260 402 2309 ‘cum
433 2277 578 2310 omnes
610 2265 750 2311 Latini
781 2268 836 2312 ab
863 2268 975 2312 Alba
1003 2269 1170 2312 oriundi
1201 2269 1299 2322 sint,
1338 2268 1427 2309 indo
1463 2280 1513 2312 eo
1551 2267 1636 2312 foe-

160 2339 259 2382 dere
291 2342 533 2393 teneantur‚
565 2353 647 2395 quo
676 2340 728 2384 ab
764 2335 902 2386 Tullo'
933 2346 1012 2386 etc.

293 2410 421 2455 Nullo
464 2414 576 2457 enim
621 2413 709 2457 fere
750 2415 918 2469 negotio
956 2410 1082 2459 ‘inde‘
1124 2428 1201 2471 per
1242 2415 1533 2469 compendium
1568 2408 1638 2459 ‘in'

160 2484 364 2538 scriptum
395 2498 488 2529 cum
510 2487 819 2542 praepositione
842 2483 915 2531 ‘in'
935 2489 1187 2532 commutari
1209 2490 1360 2543 potuit.
1393 2488 1474 2532 Est
1492 2491 1637 2532 autem

156 2551 284 2600 ‘inde'
311 2558 423 2600 idem
454 2562 584 2612 atque
610 2556 679 2604 ‘ob
711 2573 805 2604 eam
835 2556 1038 2615 causam'3
1069 2562 1226 2606 scilicet
1256 2562 1355 2616 quia
1384 2574 1528 2605 omnes
1558 2562 1638 2605 La-

160 2629 236 2672 tini
264 2629 318 2673 ab
349 2630 458 2674 Alba
487 2631 652 2675 oriundi
681 2636 794 2677 sunt.
