1784 2902
865 166 919 208 26

78 292 83 301 ·
144 287 282 342 magis
310 298 440 340 quam
469 285 696 330 manifesta
725 288 842 331 esset
868 298 951 341 res,
981 286 1093 331 forte
1106 288 1281 344 Xychus
1311 291 1460 336 obvius
1479 290 1530 335 fit
1543 291 1631 336 An-

144 361 303 416 tigono,
347 360 766 416 comprehensusque
804 360 857 403 ab
896 372 945 404 eo
988 362 1030 404 in
1077 363 1239 416 regiam
1279 367 1348 409 est
1383 366 1629 421 perductus.

143 434 292 477 relicto
310 445 360 477 eo
380 433 626 477 custodibus
650 433 889 487 Antigonus
909 434 966 477 ad
984 433 1227 489 Philippum
1257 438 1474 490 processit.
1507 434 1631 482 ‘mul-

143 507 213 559 tis,
241 505 390 558 inquit,
424 505 691 549 sermonibus
723 505 983 549 intellexisse
1010 506 1155 550 videor
1182 519 1338 562 magno
1368 511 1414 553 te
1432 510 1631 553 aestima-

143 582 302 632 turum‚
333 578 369 621 si
397 578 503 621 scire
533 589 636 621 vera
664 578 806 621 omnia
834 577 972 632 possis
1004 579 1057 622 de
1084 577 1185 623 filiis
1214 580 1311 634 tuis,
1340 585 1440 625 uter
1454 581 1508 625 ab
1531 584 1629 626 utro

141 652 304 705 petitus
334 650 487 694 fraude
518 655 562 693 et
590 650 756 694 insidiis
785 654 910 694 esset.
943 651 1069 695 homo
1100 665 1210 696 unus
1229 654 1431 706 omnium,
1466 655 1539 707 qui
1557 667 1631 698 no·=

143 724 245 768 dum
288 723 417 767 huius
453 723 608 767 erroris
648 722 868 767 exsolvere
906 723 1058 779 possit,
1107 724 1151 768 in
1188 728 1404 781 potestate
1443 729 1521 771 tua
1565 729 1631 771 est

142 794 339 851 Xychus?
389 797 501 840 forte
555 797 748 841 oblatum
800 796 1140 853 perductumque
1192 799 1235 842 in
1279 799 1441 855 regiam
1487 801 1631 845 vocari

59 900 63 905 ,
141 863 333 914 iuberet.²

256 943 307 985 In
337 946 532 986 extrema
560 948 685 998 parte
714 946 844 988 huius
872 946 954 988 loci
984 957 1078 988 meo
1104 946 1276 997 quidem
1304 946 1458 988 iudicio
1482 947 1629 989 rectis·
1718 990 1729 994 ,

140 1016 248 1060 sime
287 1016 524 1060 Gronovius
566 1029 667 1061 voce
702 1012 900 1061 ‘iuberet’
938 1016 1126 1061 offendit.
1193 1017 1345 1070 Neque
1384 1017 1495 1060 enim
1533 1018 1631 1062 talis

141 1090 350 1133 orationis
385 1090 575 1134 directae
599 1091 645 1133 in
675 1090 924 1134 indirectam
956 1091 1140 1135 mutatio
1167 1091 1246 1134 hoc
1270 1082 1361 1134 loco
1387 1090 1491 1135 ferri
1506 1103 1632 1145 posse

140 1162 320 1205 videtur.
379 1163 526 1217 Magni
559 1166 703 1206 autem
734 1162 937 1206 Gronovii
965 1163 1183 1207 inventum
1210 1157 1339 1206 ‘iube'
1377 1163 1497 1206 illam
1538 1164 1628 1216 qui-

141 1236 237 1279 dem
279 1234 577 1279 difficultatem
612 1237 738 1290 tollit,
778 1239 825 1279 at
854 1249 1009 1280 novam
1038 1237 1159 1281 nobis
1189 1239 1318 1291 parat
1346 1236 1399 1281 ab
1430 1239 1526 1281 arte
1554 1248 1629 1290 pa-

140 1309 458 1363 laeographica.
519 1309 639 1360 Quae
670 1311 781 1353 enim
813 1322 943 1353 causa
972 1310 1158 1354 librariis
1196 1313 1292 1354 erat
1334 1309 1378 1353 in
1412 1311 1630 1354 structura

141 1385 230 1424 tam
261 1385 426 1435 aperta,
465 1376 592 1425 ‘iube'
622 1382 665 1425 in
692 1376 889 1426 ‘iuberet’
926 1383 1157 1426 mutandi?
1200 1383 1349 1436 Neque
1384 1382 1628 1441 Kreyssigio

137 1450 264 1497 ‘iube
296 1449 368 1498 Et’
397 1455 646 1499 rescribenti
676 1455 903 1509 adsentior,
936 1469 1035 1500 cum
1056 1455 1208 1499 vitiose
1230 1455 1345 1499 istud
1363 1448 1435 1499 ‘et'
1451 1455 1494 1498 in
1507 1455 1628 1498 initio

142 1529 404 1582 insequentis
437 1528 622 1572 ambitus
652 1540 745 1572 sese
769 1528 939 1572 habeat.
985 1528 1113 1572 Certe
1141 1530 1176 1572 si
1206 1528 1324 1571 aliud
1353 1531 1485 1582 atque
1509 1528 1628 1571 nobis

139 1600 235 1644 libri
266 1613 368 1645 mss.
399 1600 580 1644 tradunt
611 1600 710 1644 huic
740 1612 875 1645 novae
906 1602 1191 1645 enuntiationi
1219 1601 1386 1644 initium
1428 1601 1630 1655 imposuit

139 1674 296 1727 Livius,
327 1685 411 1717 non
441 1673 625 1718 debebat
653 1674 735 1718 nisi
775 1673 855 1718 hoc
894 1685 1077 1728 ponere:
1117 1670 1177 1717 ‘Is
1216 1674 1289 1728 (sc.
1326 1671 1518 1727 Xychus)
1554 1673 1628 1716 ad-

139 1741 307 1792 ductus'
337 1751 416 1791 etc.
464 1747 531 1792 Tu
560 1747 695 1803 igitur
721 1747 827 1800 vide,
858 1760 913 1791 an
945 1747 1092 1792 Livius
1123 1748 1183 1791 sic
1214 1746 1448 1802 scripserit:

271 1817 399 1865 ‘forte
426 1821 619 1865 oblatum
642 1822 983 1877 perductumque
1002 1822 1043 1864 in
1062 1822 1226 1876 regiam
1248 1822 1390 1865 vocari
1405 1820 1514 1869 iube,
1532 1814 1629 1863 rex?

275 1894 395 1946 Quae
425 1895 538 1948 regis
577 1895 786 1938 invocatio
832 1899 876 1938 et
916 1895 1108 1950 apprime
1144 1894 1243 1938 huic
1278 1895 1372 1938 loco
1406 1896 1512 1948 apta
1548 1896 1626 1945 est,

138 1971 183 2011 et
213 1969 420 2023 originem
450 1968 541 2012 vitii
571 1969 741 2023 egregie
770 1968 1046 2012 demonstrat.

272 2041 324 2084 In
356 2041 504 2085 eodem
534 2042 675 2096 capite
704 2042 742 2097 ἓ.
775 2044 814 2084 7.
846 2040 955 2084 haec
983 2040 1206 2095 leguntur:
1231 2036 1301 2084 ‘de
1316 2039 1504 2084 Philocle
1523 2038 1628 2083 nihil

137 2115 243 2159 certi
271 2115 496 2169 vulgatum
526 2109 619 2159 est'.
679 2115 821 2159 Editio
853 2114 1108 2169 Moguntina
1148 2126 1244 2157 cum
1284 2108 1505 2169 ‘negatum
1547 2105 1628 2157 est'

136 2188 355 2244 praebeat,
386 2188 564 2243 vulgata
595 2190 741 2232 autem
772 2188 897 2232 lectio
922 2200 975 2231 ex
994 2186 1240 2232 coniectura
1255 2189 1360 2231 nata
1378 2197 1472 2231 esse
1485 2187 1625 2230 videa-

137 2265 221 2314 tur,
255 2261 373 2317 (nam
391 2261 639 2306 Basiliensis
668 2261 809 2316 prima
834 2254 1071 2305 ‘traditum'
1100 2260 1247 2316 habet)
1276 2260 1420 2305 nescio
1446 2271 1502 2304 an
1530 2272 1625 2314 pro-

136 2335 232 2389 pius
262 2335 516 2379 accedamus
547 2335 602 2379 ad
629 2334 909 2390 Moguntinae
937 2334 1165 2379 lectionem
1194 2332 1442 2378 scribendo:

268 2402 353 2451 ‘De
379 2406 573 2452 Philocle
600 2406 707 2451 nihil
735 2408 842 2452 certi
871 2407 1038 2449 rolatu-
1065 2399 1158 2451 est.³

733 2593 863 2646 XLII,
899 2596 965 2647 11,
996 2596 1033 2636 5.

269 2710 435 2766 ‘Itaque
470 2711 628 2754 Persea
655 2710 960 2754 hereditarium
992 2724 1019 2754 a
1057 2714 1181 2765 patre
1215 2712 1415 2756 relictum
1451 2711 1621 2765 bellum,
