1784 2902
860 142 886 182 8

555 280 628 334 IV,
660 284 699 332 9,
736 284 857 335 1—3,
887 281 993 327 haec
1024 286 1219 327 extant:·

254 376 386 422 ‘Dum
417 381 523 424 haec
552 382 713 425 Romae
741 386 962 437 geruntur,
1004 385 1137 438 legati
1166 385 1219 427 ab
1251 386 1394 429 Ardea
1438 388 1612 431 veniunt

121 465 199 508 pro
228 454 459 498 veterrima
489 456 693 500 societate
720 460 1011 512 renovatoque
1029 456 1200 502 foedere
1224 460 1383 503 recenti
1405 459 1609 503 auxilium

120 540 253 582 prope
282 541 457 572 eversae
487 529 581 572 urbi
622 529 901 584 inplorantes:
941 529 1026 573 frui
1062 543 1248 585 namque
1287 544 1404 586 pace,
1452 533 1609 587 optimo

112 601 295 659 ⁸consilio
337 614 433 645 cum
472 603 629 656 populo
672 603 862 646 Romano
901 607 1082 656 servata,
1126 616 1202 658 per
1243 604 1447 649 intestina
1488 618 1610 649 arma

120 686 205 716 non
236 674 378 727 licuit3
423 687 605 728 quorum
637 688 768 719 causa
798 680 930 731 atque
957 678 1126 720 initium
1155 679 1342 722 traditur
1384 692 1437 723 ex
1474 674 1609 724 certa-

121 746 234 789 mine
264 746 497 791 factionum
528 751 682 801 ortum,
724 760 835 802 quae
864 749 1041 793 fuerunt
1072 753 1284 804 eruntque
1314 751 1511 805 pluribus
1537 764 1608 807 po-

119 820 231 872 pulis
263 821 399 874 magis
430 821 558 864 exitio
591 834 721 874 quam
750 822 865 866 bella
885 826 1072 876 externa,
1102 836 1231 877 quam
1250 824 1385 868 fames
1406 825 1607 879 morbive,

121 906 318 949 quaeque
350 894 435 938 alia
470 895 513 937 in
543 895 669 939 deum
701 896 799 950 iras,
838 897 956 940 velut
983 898 1138 942 ultima
1176 898 1441 954 publicorum
1477 899 1607 942 malo-

120 981 231 1021 rum,
262 963 468 1012 vertunt?

253 1041 436 1094 Primus,
481 1044 690 1094 quantum
731 1042 829 1095 scio,
868 1043 1066 1098 Sigonius
1105 1044 1150 1086 in
1186 1044 1264 1087 hoc
1304 1044 1395 1087 loco
1433 1043 1608 1088 offendit

120 1114 384 1169 coniecitque
404 1127 480 1168 pro
505 1110 727 1168 ‘pluribus'
749 1116 1017 1159 scribendum
1051 1129 1141 1159 esse
1167 1110 1453 1171 ‘potentibus³,
1483 1116 1607 1160 nimis

118 1188 162 1232 id
211 1188 383 1242 quidem
425 1189 664 1242 temerarie,
695 1189 774 1233 nisi
812 1190 924 1242 quod
963 1190 1201 1234 rectissimo
1240 1201 1369 1233 sensu
1406 1189 1606 1232 mendum

119 1262 332 1314 quoddam
367 1262 539 1305 subesse
569 1263 771 1306 odoratus
802 1266 880 1307 est.
921 1264 1071 1317 Neque
1101 1264 1213 1307 enim
1242 1275 1400 1316 vereor,
1432 1275 1486 1306 ne
1511 1263 1604 1315 quis

118 1333 508 1377 Weissenbornium
540 1338 713 1379 secutus
744 1335 955 1389 duplicem
991 1336 1207 1389 quandam
1247 1335 1604 1390 comparationem

119 1412 338 1461 agnoscat.
389 1408 470 1451 Est
498 1422 549 1451 ea
577 1408 875 1462 interpretatio
908 1410 1102 1451 contorta
1133 1409 1342 1461 quaedam
1372 1412 1504 1462 atque
1537 1421 1602 1451 ar-

117 1479 306 1532 tificiosa,
344 1481 494 1534 quales
531 1482 692 1525 multas
731 1482 795 1524 vir
835 1481 906 1524 ille
948 1481 1215 1526 doctissimus
1252 1495 1379 1526 caeca
1418 1482 1603 1535 quadam

116 1555 304 1597 traditae
345 1555 584 1607 scripturae
628 1555 932 1608 superstitione
976 1555 1206 1608 implicitus
1249 1555 1460 1606 adhibuit,
1512 1555 1605 1598 iure

116 1626 355 1679 meritoque
393 1626 447 1669 ab
485 1626 565 1670 hac
603 1630 728 1681 parte
767 1641 792 1670 a
833 1639 997 1670 summo
1038 1627 1250 1682 Madvigio
1288 1627 1438 1670 irrisus
1476 1629 1605 1681 atque

116 1702 308 1742 vexatus.
369 1699 547 1741 Videtur
577 1702 721 1743 autem
751 1701 869 1744 locus
897 1700 996 1742 inde
1034 1714 1060 1743 a
1098 1699 1270 1755 Sigonio
1305 1713 1451 1743 curam
1490 1701 1603 1743 criti-

114 1785 263 1816 corum
292 1772 463 1827 fugisse,
495 1773 609 1825 quod
641 1785 744 1816 sane
764 1773 945 1826 mireris,
977 1785 1074 1816 cum
1100 1776 1191 1816 tam
1209 1773 1305 1826 leni,
1338 1785 1467 1826 quam
1487 1776 1604 1817 certa

113 1845 410 1887 emendatione
441 1847 573 1897 queat
602 1846 756 1888 sanari.
818 1846 996 1899 Scripsit
1032 1846 1144 1889 enim
1183 1846 1343 1897 Livius,
1385 1846 1428 1888 ni
1463 1846 1604 1888 omnia

115 1931 183 1962 me
213 1917 381 1970 fallunt,
415 1917 497 1961 ita:

248 1987 499 2034 ‘factionum
529 2004 763 2045 ...quae
792 1992 966 2035 fuerunt
996 1996 1208 2045 eruntque
1236 1991 1409 2046 pluri-1·
1435 1992 1603 2046 populis

114 2065 252 2120 magis
283 2065 410 2109 exitio
440 2076 570 2118 quam
602 2065 715 2109 bella
747 2058 951 2109 externa'.

249 2139 312 2180 Ac
351 2138 585 2191 prudenter
624 2138 770 2180 Livius
813 2137 1030 2190 plurimiS,
1079 2150 1163 2180 non
1200 2138 1395 2181 omnibus
1432 2139 1601 2192 populis

112 2210 216 2253 dicit
246 2209 454 2253 factiones
486 2210 623 2265 magis
654 2222 784 2263 quam
815 2213 993 2254 externa
1019 2210 1130 2254 bella
1160 2209 1289 2253 exitio
1320 2208 1472 2263 fuisse3
1503 2222 1601 2253 nam

112 2284 342 2336 aliquando
373 2296 448 2326 eas
478 2285 609 2326 etiam
640 2284 749 2327 bono
780 2285 949 2339 publico
979 2285 1163 2328 existere
1192 2286 1236 2326 et
1263 2283 1375 2326 ratio
1407 2282 1530 2326 docet
1559 2286 1603 2326 et

111 2368 256 2399 rerum
287 2359 506 2411 gestarum
538 2356 717 2400 historia
744 2357 1006 2411 comprobat.
1049 2356 1318 2410 Quamquam
1350 2355 1601 2410 plerumque

112 2430 512 2485 pessumdantillae
529 2432 662 2487 atque
681 2430 874 2474 funditus
908 2431 1109 2474 evertunt
1142 2441 1210 2473 res
1239 2428 1441 2484 publicas.

729 2579 801 2631 IV,
839 2582 902 2628 10,
935 2582 974 2622 8.

248 2679 421 2723 Marcus
455 2679 674 2733 Geganius
703 2680 851 2723 consul
872 2692 966 2723 cum
991 2681 1214 2723 intestinas
1231 2679 1481 2723 Ardeatium
1508 2682 1596 2721 tur-
