1784 2902
885 109 939 152 25

46 239 50 242 .
136 268 139 270 Β
170 230 385 286 κύρω
414 241 469 273 a„
495 242 548 274 ex
574 230 819 275 mmmmm
847 227 1041 284 profecta
1057 228 1164 282 eius,
1190 228 1263 282 qui
1278 226 1433 274 librum
1447 229 1647 273 excussit.

113 293 117 296 ’
169 303 256 362 (efi'.
271 304 459 359 Madvig.
492 304 671 348 Emend.
703 303 790 346 Liv.
821 315 864 357 p.
894 302 1009 357 362.)
1061 302 1212 356 Neque
1239 303 1319 346 hoc
1349 315 1435 346 non
1463 302 1578 346 cadit
1604 302 1648 345 in

51 353 83 390 κ·
170 370 362 423 nostium
406 376 560 423 locum.
632 377 787 432 Itaque
831 376 984 421 velleni
1031 375 1272 432 Madvigius
1316 375 1511 427 (Emend.
1555 374 1644 417 Liv.

5 467 14 471 ·
43 485 49 489 .
106 500 113 506 Ν
169 465 211 507 p.
234 452 357 507 431.)
387 453 517 506 paulo
546 453 714 496 cautius
744 452 914 506 egisset,
959 451 1033 506 qui
1061 447 1292 495 ‘habemus‘
1323 452 1530 505 tanquam
1559 462 1647 494 cer-

168 524 390 568 tissimam
405 523 514 585 Livii
545 536 719 567 manum
748 524 1008 578 amplectens
1033 534 1119 566 non
1148 523 1238 566 sine
1278 525 1424 578 strage
1463 523 1647 576 quadam

167 597 229 641 ita
259 599 447 641 veterem
476 598 658 641 nitorem
686 597 884 650 scriptori
911 608 989 640 suo
1018 596 1257 640 restituisse
1287 595 1363 639 sibi
1394 595 1510 641 visus
1554 598 1645 640 est:

164 666 275 712 ‘Non
302 672 392 712 tam
421 669 524 722 quid
554 669 633 724 ipsi
662 668 851 713 dicamus
879 668 1096 721 habemuS,
1129 681 1258 723 quam
1285 682 1313 712 a
1339 668 1456 712 vobis
1481 669 1645 723 quaeri-

167 753 263 785 mus
289 738 381 784 etc.'
421 739 631 794 Eqmdem
660 741 861 796 quoniam
890 744 934 783 et
965 740 1189 785 deterioris
1214 742 1342 784 notae
1374 740 1470 784 libri
1493 743 1537 783 et
1558 741 1647 795 ipse

166 814 493 869 Bambergensis
520 814 636 858 haud
665 825 824 869 parvae
854 813 1121 857 auctoritatis
1142 812 1275 857 codex
1294 813 1399 857 illud
1415 809 1647 857 ‘habemus‘

165 887 374 943 ignorant,
406 885 512 931 haec
541 899 641 930 vero
670 899 753 931 vox
781 898 865 929 non
904 889 1074 930 tantum
1103 899 1129 930 a
1160 886 1249 930 solo
1290 886 1542 942 Moguntino
1584 887 1648 928 est

164 960 341 1012 testata,
384 960 459 1003 sed
495 960 625 1003 etiam
662 960 754 1014 ipsa
796 971 974 1013 magnas
1013 959 1161 1003 turbas
1199 960 1290 1003 loco
1330 963 1475 1004 nostro
1517 959 1644 1010 inicit,

165 1031 303 1076 nescio
341 1044 397 1075 an
433 1034 548 1075 recte
586 1031 630 1077 in
670 1043 721 1075 ea
762 1031 1048 1075 coniecturam
1090 1032 1303 1087 quandam
1345 1031 1525 1076 alicuius
1568 1031 1648 1074 viri

164 1104 275 1148 docti
302 1116 531 1159 agnoscere
559 1104 661 1147 mihi
691 1105 849 1148 videar.
922 1105 1074 1159 Itaque
1116 1105 1201 1148 iam
1239 1104 1378 1149 codice
1417 1104 1647 1160 archetypo

163 1189 312 1221 verum
340 1180 385 1221 et
412 1177 534 1220 unice
561 1177 653 1220 loco
683 1180 834 1232 aptum
862 1177 1116 1221 vocabulum
1156 1178 1208 1221 ob
1249 1177 1429 1221 similem
1463 1175 1647 1221 fortasse

163 1249 504 1293 terminationem
531 1249 822 1303 praecedentis
848 1247 1064 1294 ‘dicamus'
1093 1250 1321 1294 intercidit.
1363 1250 1541 1304 Amplus
1570 1249 1647 1303 igi-

167 1325 239 1364 tur
270 1322 528 1366 coniectandi
556 1334 732 1375 campus
760 1322 880 1366 nobis
908 1325 1043 1376 patet.
1102 1323 1214 1366 Nam
1245 1323 1381 1367 multa
1412 1322 1647 1377 excogitari

166 1383 346 1450 possunt
374 1395 430 1439 ad
456 1395 711 1440 sententiam
739 1398 854 1452 apta.
914 1394 1046 1439 Nobis
1076 1394 1217 1439 Livius
1248 1395 1310 1439 ita
1339 1394 1560 1450 scripsisse
1586 1394 1644 1438 vi-

167 1467 312 1511 detur:
340 1464 580 1511 ‘adsumus‘.

298 1540 452 1584 Restat
479 1542 624 1584 autem
653 1539 840 1584 alterum
867 1539 1028 1594 vitium,
1072 1539 1251 1585 certiore
1277 1539 1386 1583 illud
1415 1551 1511 1583 cum
1552 1552 1646 1584 suc·

168 1627 290 1658 cessu
322 1613 627 1668 corrigendum.
670 1613 781 1657 Nam
808 1615 1002 1667 equidem
1032 1614 1162 1657 verba
1187 1610 1305 1669 ‘quid
1336 1614 1415 1668 ipsi
1443 1607 1646 1658 dicamus'

166 1687 250 1729 leni
292 1686 462 1730 macula
501 1685 706 1740 adspersa
743 1698 835 1730 esse
874 1686 1136 1730 crediderim.
1204 1686 1299 1730 Non
1335 1687 1448 1730 enim
1489 1686 1644 1731 Zeuxis

166 1759 283 1811 dicit,
314 1758 406 1802 ideo
437 1759 601 1813 legatos
630 1759 675 1802 in
703 1759 990 1803 Romanorum
1017 1760 1191 1804 consilio
1212 1760 1374 1813 adesse,
1411 1762 1459 1803 ut
1477 1760 1644 1803 omnino

165 1831 267 1886 quid
296 1832 498 1885 dicerent,
528 1833 604 1877 sed
633 1845 717 1876 non
747 1845 793 1879 se
820 1833 929 1877 velle
959 1833 1110 1886 dicere,
1157 1845 1240 1887 quo
1271 1834 1439 1888 piaculo
1471 1833 1643 1888 expiare

165 1906 280 1961 regis
309 1918 497 1951 errorem
526 1908 721 1960 possent3
762 1905 842 1951 hoc
874 1918 929 1950 ex
958 1906 1162 1952 Romanis
1193 1906 1338 1961 potius
1364 1919 1570 1962 quaerere
1598 1919 1643 1951 se

164 1978 353 2023 animum
385 1978 614 2022 induxisse.
656 1978 739 2023 Sed
768 1979 865 2022 lene
893 1978 1044 2023 vitium
1072 1980 1155 2023 leni
1187 1991 1356 2035 quoque
1388 1980 1645 2024 correctione

130 2043 137 2052 '
164 2050 257 2096 tolli
291 2054 436 2107 potest
470 2050 759 2095 rescribendo:
798 2047 885 2105 ‘qui
924 2052 1006 2106 ipsi
1040 2047 1256 2096 dicamus’.
1315 2053 1471 2096 Totum
1513 2052 1645 2107 igitur

163 2123 303 2173 locum
332 2125 392 2167 sic
418 2124 620 2167 restituo:

294 2193 405 2247 ‘Non
428 2200 518 2240 tam
544 2196 609 2250 qul
635 2197 717 2250 ipsi
744 2196 946 2250 dicamus,
987 2198 1175 2249 adn-u,
1215 2210 1346 2251 quam
1375 2201 1425 2242 ut
1463 2212 1490 2242 a
1526 2198 1644 2244 vobis

164 2282 433 2326 quaeramus,
464 2268 656 2324 Romani,
692 2281 775 2324 quo
798 2269 966 2326 piaculo
985 2270 1160 2328 expiare
1179 2282 1367 2315 errorem
1387 2271 1501 2327 regis
1519 2304 1640 2315 .....

265 2345 273 2353 ι
373 2337 386 2355 )

163 2356 398 2399 possimus.

731 2466 818 2521 XL,
848 2468 913 2520 55,
950 2469 1071 2511 1-5.

293 2581 461 2630 ‘Falsas
492 2597 586 2630 esse
614 2589 658 2631 et
690 2599 716 2630 a
745 2585 881 2630 scriba
909 2579 1099 2632 vitiatas’
1136 2585 1338 2641 (litteras)
1372 2581 1642 2641 ‘signumque

163 2658 466 2703 adulterimum
494 2659 622 2715 vulgo
649 2661 693 2703 in
713 2660 831 2714 regia
848 2659 1098 2705 fremebant.
1120 2663 1306 2703 ceterum
1326 2672 1420 2704 cum
1441 2663 1640 2714 suspecta
