1784 2902
858 124 909 164 17

145 250 354 302 notatum,
384 247 515 292 variis
543 246 647 292 locis
679 247 723 291 in
752 249 999 292 contextum
1027 245 1251 291 verborum
1279 244 1502 299 irrepsisse
1530 247 1616 289 sta-

144 323 334 365 tuamus.

278 391 338 436 At
367 391 531 446 inquiet
564 390 749 436 fortasse
788 391 1040 446 quisquam:
1076 391 1190 435 bella
1229 402 1330 434 sane
1365 390 1617 442 coniectura,

145 477 268 520 quae>
282 468 428 509 tamen
457 466 538 510 hac
571 478 624 509 ex
655 467 780 520 parte
805 464 984 519 laborat,
1017 465 1129 519 quod
1159 464 1371 519 quomodo
1397 459 1618 517 ‘sequeba-

144 531 231 581 tur'
260 538 305 581 in
330 532 610 593 ‘sequeretur'
642 538 921 594 depravatum
961 538 1027 590 sit,
1076 548 1161 580 non
1200 537 1306 581 satis
1342 536 1617 591 intellegitur.

144 612 256 657 Nam
287 612 408 656 nullo
436 613 561 656 modo
597 611 803 668 proficisci
835 612 1036 657 debemus
1067 625 1094 656 a
1131 610 1390 655 deteriorum
1429 610 1618 655 codicum

145 685 424 739 auctoritate,
465 697 648 739 quorum
689 697 792 728 sane
835 685 1026 729 nonnulli
1071 677 1351 738 ‘sequeretur'
1391 687 1618 728 testantur.

145 757 228 801 Sed
256 757 396 812 facile,
427 758 565 812 credo,
593 759 724 812 vides,
759 771 869 813 quae
899 771 1030 802 causa
1059 757 1189 801 fuerit
1217 750 1497 811 ‘sequeretur'
1526 769 1618 800 mu-

74 862 82 869 .
143 831 264 874 tandi
293 831 337 873 in
363 825 669 885 ‘sequebatur’.
710 831 821 873 Nam
853 832 1030 886 singulis
1059 831 1259 874 membris
1291 831 1421 874 semel
1447 830 1618 874 divolsis

145 903 390 959 monachus,
432 904 671 959 quicunque
709 902 804 957 fuit,
840 904 970 948 verba
1003 903 1155 947 ultimo
1193 903 1284 947 loco
1314 906 1404 947 tam
1432 904 1545 947 nude
1575 905 1619 947 et

144 976 326 1030 abrupte
351 978 491 1032 posita
517 973 654 1021 ‘favor
681 977 819 1032 plebis
845 970 1110 1030 sequeretur'
1130 976 1246 1020 haud
1272 977 1537 1031 intellegens,
1569 979 1618 1018 ut

143 1049 239 1092 inde
273 1062 443 1094 sensum
473 1051 811 1105 qualemcunque
842 1050 1023 1103 eliceret,
1064 1051 1116 1093 de
1154 1063 1233 1093 sua
1269 1051 1511 1094 coniectura
1536 1045 1615 1093 ‘se-

142 1116 367 1177 quebatur'
392 1122 571 1178 scripsit.

740 1303 853 1358 XXI,
890 1305 953 1358 17,
985 1306 1022 1347 9.

273 1412 409 1461 ‘Duas
437 1416 623 1471 legiones
648 1417 863 1460 Romanas
893 1419 938 1460 et
964 1416 1107 1459 decem
1136 1416 1270 1459 millia
1300 1415 1510 1477 sociorum
1540 1429 1612 1470 pe·

142 1490 292 1544 ditum,
331 1490 447 1533 mille
477 1490 641 1545 equites
669 1490 815 1543 socios,
856 1492 1073 1533 sexcentos
1100 1489 1316 1533 Romanos
1347 1488 1489 1532 Gallia
1518 1501 1613 1543 pro-

141 1563 275 1607 vincia
306 1564 454 1607 eodem
482 1576 606 1607 versa
635 1563 679 1605 in
709 1564 915 1607 Punicum
943 1563 1103 1607 bellum
1130 1557 1308 1607 habuit?

275 1636 429 1681 Variae
459 1636 722 1680 coniecturae
757 1637 811 1680 ad
840 1636 1076 1680 sanandum
1105 1636 1217 1680 hunc
1246 1637 1384 1680 locum
1417 1636 1612 1691 prolatae

140 1721 285 1753 omnes
315 1710 542 1761 cardinem,
574 1713 624 1752 ut
653 1709 715 1752 ita
744 1710 893 1761 dicam,
923 1709 1187 1753 difficultatis
1217 1722 1301 1754 non
1330 1710 1555 1753 diluerimt.

271 1781 503 1826 Videamus
530 1784 687 1834 autem,
717 1782 821 1837 quid
845 1782 907 1825 rei
935 1783 1003 1837 sit,
1034 1795 1119 1837 qua
1147 1795 1243 1826 cum
1272 1783 1460 1826 maxime
1478 1782 1611 1825 critici

139 1853 416 1899 offenderunt.
473 1854 616 1898 Verba
642 1850 808 1899 ‘eodem
837 1848 976 1900 versa'
1004 1856 1122 1899 nullo
1160 1859 1284 1911 pacto
1319 1857 1438 1899 salva
1479 1858 1610 1909 atque

138 1928 307 1984 integra
332 1930 519 1983 aetatem
548 1928 700 1973 tulisse
731 1929 864 1973 statui
893 1932 1048 1984 potest.
1103 1929 1214 1973 Nam
1245 1929 1370 1973 aliter
1401 1940 1452 1973 ea
1476 1928 1611 1984 accipi

139 2005 355 2055 nequeunt
383 2002 483 2044 nisi:
511 1997 570 2043 ‘in
601 2003 777 2046 eandem
806 2003 1023 2055 regionem
1051 1996 1146 2046 sita'
1175 2004 1239 2046 ita
1265 2006 1316 2046 ut
1342 2003 1396 2045 ad
1424 2002 1608 2045 Galliam

137 2073 395 2128 provinciam
435 2073 690 2118 referantur.
762 2074 856 2127 Qua
895 2087 948 2119 ex
987 2075 1338 2130 interpretatione
1376 2087 1426 2118 ea
1468 2073 1611 2118 evadit

137 2148 362 2200 sententia,
399 2150 448 2190 ut
479 2148 659 2201 scriptor
686 2147 874 2192 Galliam
912 2148 955 2190 in
988 2161 1082 2191 eam
1125 2159 1295 2202 quoque
1331 2148 1432 2191 belli
1461 2148 1609 2192 Punici

135 2222 303 2278 partem
332 2220 458 2265 sitam
486 2217 615 2264 fuisse
644 2218 770 2274 dicat,
810 2231 896 2274 qua
925 2219 1065 2274 Scipio
1091 2219 1250 2264 bellum
1282 2221 1476 2275 gesserit.
1534 2220 1610 2263 At-

135 2306 218 2348 que
245 2294 355 2337 hanc
382 2293 553 2349 quidem
582 2293 905 2347 explicationem
935 2294 1038 2337 satis
1060 2293 1328 2337 artificiosam
1349 2298 1519 2338 secutus
1539 2297 1608 2338 est

135 2365 261 2410 Fabri
292 2366 336 2410 in
366 2366 548 2410 editione
575 2378 653 2411 sua
679 2366 906 2410 utilissima
927 2366 1130 2410 librorum
1149 2367 1251 2410 XXI
1277 2370 1319 2411 et
1337 2367 1473 2410 XXII.
1524 2365 1608 2410 Sed

133 2439 338 2494 equidemx
358 2452 535 2483 causam
562 2452 737 2494 prorsus
755 2440 916 2483 nullam
936 2453 1133 2495 agnosco,
1162 2454 1239 2485 cur
1252 2441 1395 2484 Livius
1415 2441 1605 2484 hocloco

133 2512 314 2557 lectores
342 2504 612 2557 admonuerit
642 2514 695 2557 de
711 2513 875 2557 Galliae
902 2514 989 2558 situ
1016 2514 1211 2558 omnibus
1240 2526 1341 2556 sane
1370 2513 1604 2563 notissimo.

266 2586 414 2642 Neque
442 2585 663 2631 ferendum
694 2590 809 2644 puto,
835 2587 948 2643 quod
968 2588 1024 2632 ad
1042 2599 1186 2632 vocem
1203 2581 1380 2630 ‘eodem'
1398 2587 1507 2631 hanc
1534 2600 1602 2631 ra-

133 2660 290 2707 tionem
317 2660 592 2715 sequentibus
617 2661 741 2706 nobis
770 2663 1006 2707 necessario
1036 2663 1097 2705 ex'
1113 2661 1233 2705 initio
1261 2660 1411 2717 capitis
1433 2661 1489 2705 sit
1505 2661 1602 2706 sub-

1310 2737 1335 2777 2
