1784 2902
877 104 928 147 31

31 265 33 267 .
128 222 131 225 ’
159 220 247 276 iam
273 226 462 285 additur,
486 237 614 280 quem
641 226 782 270 locum
810 216 940 278 {mnes
968 225 1168 268 tenuerit.
1244 223 1328 268 Sed
1355 237 1451 268 ecce
1478 226 1522 269 in
1549 226 1641 281 ipsa

86 331 90 333 -
116 343 122 345 ,
159 284 287 344 huius
308 298 378 343 -rei
403 297 687 354 descriptione
721 309 879 352 magna
904 297 1061 342 iterum
1090 295 1341 341 difficultate
1366 298 1640 341 circumventi

77 390 81 392 “
151 373 322 417 sumus.
361 360 633 428 Ineptissime
662 370 774 415 enim
800 369 1015 427 particula
1042 365 1125 412 ‘ibi‘
1153 369 1297 423 posita
1322 372 1399 424 est,
1433 381 1544 424 quae
1560 371 1641 415 nisi

63 441 79 501 ᾖ
162 444 217 489 ad
241 441 457 489 ‘tumulos'
487 442 638 488 referri
667 445 864 497 nequeat.
907 441 1081 487 Accedit
1100 442 1220 486 aliud
1244 454 1322 485 nec
1340 445 1485 486 tamen
1502 442 1640 487 adhuc

66 504 70 507 ’
160 521 432 574 perspectum
459 516 673 561 mendum.
717 514 829 559 Nam
856 527 953 559 cum
980 515 1140 559 dictum
1169 515 1237 570 sit,
1264 515 1428 571 pedites
1453 517 1640 560 tumulos

163 591 225 646 (ni
253 589 442 635 fallimur
484 602 536 634 ex
575 589 690 633 valle
728 586 1019 643 assurgentes)
1056 587 1255 641 tenuisse,
1291 601 1421 644 prave
1454 588 1639 642 additur,

161 665 377 707 Romanos
405 663 543 717 campi
572 664 754 716 partem,
783 662 856 706 ubi
886 673 1016 715 eques
1046 661 1253 714 tenderet,
1284 674 1524 717 occupasse.
1582 665 1641 707 At

163 736 319 791 opponi
350 735 598 788 debuerunt,
632 735 670 778 si
697 735 800 788 quid
828 734 962 785 video,
1006 733 1136 788 pedes
1167 735 1211 776 et
1243 746 1384 788 eques,
1427 748 1512 778 non
1556 736 1640 780 Ro-

160 808 277 852 mani
306 811 351 852 et
377 808 553 862 pediteS‚
582 808 696 862 quod
724 807 1090 861 perversissimum
1118 810 1196 851 est·
1238 808 1307 851 Ad
1326 820 1474 851 verum
1493 812 1639 853 autem

162 880 459 926 inveniendum
491 880 616 924 facile
645 883 749 935 puto
776 880 932 922 ducere
960 891 1038 922 nos
1066 881 1209 934 potest
1231 879 1354 923 lectio
1370 880 1535 935 codicis,
1567 882 1640 934 qui

160 966 237 1009 pro
272 949 666 1008 ‘amplectebantur‘
704 952 882 1008 praebet
906 948 1285 1007 ‘amplectebatur‘.
1351 953 1462 1005 Quid
1500 956 1638 1008 ergo?

161 1027 312 1070 Nonne
340 1028 536 1082 apparet,
569 1026 656 1071 leni
684 1025 1014 1081 transpositione
1040 1025 1100 1070 sic
1129 1026 1439 1070 restituendum
1470 1039 1580 1071 esse:

295 1098 446 1156 ‘campi
474 1111 642 1155 quoque
682 1103 851 1156 partem
889 1112 1016 1153 eques,
1056 1099 1127 1142 ubi
1169 1100 1373 1153 tenderet,
1414 1102 1636 1156 amplecte-

168 1171 317 1217 batur'.

292 1245 384 1288 Iam
410 1248 460 1287 ut
488 1245 544 1288 ad
586 1245 773 1299 priorem
812 1244 939 1287 istam
978 1246 1301 1300 gravioremque
1342 1245 1636 1291 difficultatem

158 1318 383 1362 redeamus
411 1314 484 1360 ‘ibi
514 1317 625 1361 valle
653 1318 790 1373 campi
820 1330 989 1371 quoque
1015 1316 1207 1373 partem'‚
1248 1319 1333 1362 iam
1370 1320 1415 1363 in
1454 1320 1636 1364 editione

161 1390 365 1443 Madvigii
394 1392 439 1433 et
466 1390 655 1445 Ussingii
686 1390 728 1432 id
758 1391 873 1443 quod
900 1391 1021 1433 unice
1050 1391 1149 1435 huic
1181 1393 1272 1435 loco
1302 1396 1451 1447 aptum
1482 1398 1558 1445 est,
1593 1394 1635 1437 in

160 1465 406 1506 contextum
436 1466 653 1517 receptum
683 1462 871 1506 invenio:
899 1460 990 1505 Ἱιι
1012 1464 1110 1506 valle
1128 1465 1265 1519 campi
1286 1477 1455 1518 quoque
1468 1470 1634 1520 partem

159 1532 262 1588 etcff,
305 1536 366 1580 ita
403 1540 453 1586 ut
480 1535 656 1579 tumulis
686 1539 928 1591 opponatur
955 1536 1079 1581 vallis
1093 1553 1115 1591 ;·
1146 1538 1214 1581 vel
1237 1535 1380 1582 ‘imam
1410 1538 1564 1583 vallem
1590 1543 1636 1584 et

158 1609 299 1663 campi
326 1621 494 1665 quoque
525 1612 692 1664 part-em
721 1621 864 1663 eques,
909 1608 979 1653 ubi
1021 1610 1227 1664 tenderet,
1271 1610 1633 1665 amplectebatur‘.

158 1680 358 1725 Fortasse
384 1683 447 1725 ita
475 1681 521 1724 in
550 1682 691 1726 codice
721 1686 815 1726 erat
854 1683 1084 1737 scriptum:
1131 1681 1231 1727 ‘ima
1272 1685 1383 1728 valle
1416 1689 1461 1729 et
1497 1689 1634 1743 campi

157 1764 326 1808 quoque
353 1753 500 1810 parte'‚
529 1767 614 1810 qua
645 1756 688 1799 in
718 1756 941 1811 scriptura,
975 1770 1104 1813 quam
1133 1756 1258 1802 facile
1284 1756 1355 1803 ‘et’
1384 1760 1634 1804 intercidere

157 1828 358 1881 potuerit,
387 1831 582 1882 apparet.
